2799 4642
622 280 765 356 170
1382 271 1876 310 «ὤσειν-

777 438 1279 524 alpinis'supra
1307 438 1682 504 terminum
1720 442 1888 528 Fagi
1909 441 2162 528 passim
2189 442 2485 528 copiose,
2521 461 2613 505 ex.

779 545 880 608 gr.
924 523 1001 584 in
1038 524 1296 585 Montis
1335 521 1500 604 Bigi
1542 525 1723 587 collo
1767 525 1844 587 in
1887 528 2071 589 allen
2110 526 2404 591 Winden
2448 523 2611 586 dicto

774 603 1052 686 copiose
1071 624 1372 667 unacum
1389 607 1709 687 Dryade,
1740 627 1867 669 nec
1890 607 2123 670 nonin
2148 605 2613 669 monteSchnc-

774 687 1074 748 belhorn
1114 684 1488 749 terminum
1507 687 1559 746 F
1560 687 1673 772 agi
1703 687 1820 750 vix
1848 688 2225 776 attingente
2252 685 2483 767 ibique
2514 703 2616 746 co-

770 767 993 829 lorem
1036 767 1256 853 magis
1291 767 1773 850 ferrugineum
1807 769 2264 849 habitumque
2297 767 2434 829 fere
2464 785 2618 849 prae-

777 848 1080 911 cedentis
1108 849 1383 929 induit,
1424 860 1491 910 et·
1530 850 1625 911 ita
1660 850 2011 932 conspirat
2045 854 2134 913 ad
2162 850 2468 912 habitum
2510 847 2620 908 ob·

774 926 1171 1012 senriorem,
1209 928 1541 1015 regionis.
1621 933 1794 995 Tam
1848 953 2098 1014 parum
2146 928 2619 1013 sempervirens

774 1022 907 1091 est,
953 1022 1030 1073 ut
1057 1011 1288 1094 potius
1314 1032 1677 1092 nunquam
1727 1014 1883 1077 laete
1922 1012 2174 1092 virea13
2217 1006 2625 1095 persistentia

773 1113 939 1155 vero
977 1092 1117 1155 insi
1171 1094 1247 1155 ni
1286 1096 1574 1177 gaudet,
1615 1097 1788 1156 adeo
1833 1103 1909 1156 ut
1944 1094 2163 1157 culmi
2203 1087 2623 1177 praecedentis

714 1246 721 1255 ‚
776 1174 952 1237 anni
1010 1196 1105 1235 un
1161 1176 1325 1256 ique
1374 1174 1929 1257 conspiciantur,
1972 1176 2210 1258 itaque
2264 1175 2329 1238 0.
2360 1171 2625 1248 firmam

776 1255 1025 1318 merito
1069 1254 1246 1317 dixit
1291 1256 1392 1321 CI·-
1439 1259 1630 1317 Host.
1993 1320 1996 1327 ,
2181 1326 2182 1329 ¹

611 1395 635 1404 i
698 1339 1142 1422 Quamquam
1186 1337 1632 1419 longitudine
1685 1335 1900 1400 culmi
1936 1345 2001 1401 et
2037 1334 2376 1401 foliorum
2411 1336 2632 1396 admo-

611 1419 787 1483 dum
821 1421 1073 1498 variat,
1119 1428 1344 1480 tamen
1388 1416 1572 1480 notis
1604 1418 2001 1482 certissimis
2046 1418 2644 1501 comprehendum

612 1501 1111 1573 turyarietates
1148 1510 1215 1560 et
1248 1519 1287 1560 a
1316 1501 1744 1582 praecedente
1774 1498 2325 1584 distingvuntur.
2402 1500 2634 1561 Totum

612 1601 900 1665 gramen
944 1577 1278 1664 rigidum.
1359 1583 1797 1642 Bractearum
1844 1582 2120 1664 vaginae
2169 1577 2636 1656 breviusculae‚

613 1680 994 1742 earumque
1026 1660 1290 1724 -foliola
1340 1663 1755 1743 plerumque
1800 1662 2208 1743 pedunculo
2256 1660 2458 1744 spicae
2497 1662 2640 1721 bre-
2707 1724 2714 1739 ‚

615 1742 846 1822 viora,
892 1762 1253 1824 nunquam
1291 1743 1522 1819 saltim
1557 1743 1816 1823 spicam
1853 1753 2212 1824 superant.
2289 1741 2502 1824 Spicae
2541 1740 2640 1802 in-

615 1827 887 1887 terdum
910 1823 1200 1906 longius
1229 1826 1412 1906 pedu
1425 1824 1714 1886 nculatae
1744 1834 1809 1883 et
1837 1833 2069 1885 tamen
2100 1843 2377 1906 semper
2403 1831 2640 1884 erectae.

608 1908 932 1985 Squamae
970 1905 1388 1981 jamdudum
1432 1903 1508 1965 in
1547 1903 1755 1998 spicis
1798 1905 2216 1968 florentibus
2251 1906 2639 1966 albo-mar·

615 1987 905 2068 ginatae,
950 2006 1089 2067 quo
1129 1985 1291 2047 satis
1326 1984 1775 2047 versicolores
1817 1989 2125 2049 evadunt
2168 1987 2402 2079 spicae.
2486 1988 2642 2066 Cap·

610 2070 785 2131 sulae
812 2088 1084 2150 semper
1110 2067 1410 2131 multum
1445 2065 1799 2147 longiores
1836 2087 2045 2146 quam
2085 2067 2166 2132 in
2198 2069 2639 2150 praecedente,

614 2148 1052 2233 angustiores
1108 2156 1173 2211 eit
1228 2143 1500 2209 rachidi
1556 2148 1929 2227 adpressaez
1983 2158 2295 2214 rostrum
2347 2142 2642 2231 longius,

608 2251 738 2294 ,ore
769 2229 1071 2293 scarioso
1107 2229 1266 2290 albo
1297 2228 1713 2312 plerumque
1740 2225 2038 2314 integro.
2120 2228 2333 2313 Spica
2367 2227 2644 2293 mascula

615 2311 950 2393 crassior,
992 2311 1410 2374 subclavata⁶
1515 2381 1519 2386 p
2657 2328 2673 2345 ·

578 2436 761 2530 ,9450
805 2434 1101 2498 CAREX
1167 2431 1698 2514 fuliginosa
1783 2434 2077 2497 bracteis
2162 2430 2649 2520 vaginantibus

651 2513 655 2520 ’
860 2513 1167 2592 foliosis,
1209 2512 1419 2602 spicis
1468 2514 1953 2596 pedunculatis
2007 2517 2295 2579 cernuis
2347 2511 2650 2594 oblongis

860 2593 1289 2673 densifloris,
1333 2593 1634 2680 capsulis
1680 2596 2082 2658 lanceolatis
2134 2596 2517 2660 attenuatis
2555 2594 2658 2656 ad·

913 2675 1116 2738 ressis
1178 2672 1587 2756 marginatis
1646 2675 2002 2739 serrulatis
2077 2697 2386 2758 squama
2459 2675 2653 2758 duplo
2743 2695 2744 2740 1

891 2754 1304 2853 ongioribus
1335 2759 1618 2818 demum
1659 2753 2147 2840 fusco-piceis:
2194 2778 2324 2821 ore
2369 2755 2602 2821 bifido.

787 2842 863 2901 C.
890 2836 1272 2921 fuliginosa
1308 2835 1621 2899 Schnulzr
1661 2857 1806 2900 car.
1844 2860 1910 2900 n.
1935 2836 2035 2915 76.
2063 2840 2212 2903 tab.
2242 2840 2375 2903 Oe.
2400 2837 2537 2921 fige.
2569 2837 2651 2917 47.

698 2938 760 2984 a.
795 2918 1080 2998 junior:
1122 2914 1422 3001 capsulis
1449 2918 1679 2980 adhuc
1703 2914 2072 2982 viridibus.

785 3005 912 3062 C.s
967 2998 1204 3064 adicea
1224 2999 1541 3063 Schuuhr
1565 3017 1794 3059 car-n.
1824 2996 1924 3076 75.
1968 2998 2377 3083 tab.l'1.fig.
2400 3002 2501 3080 47.

786 3085 863 3148 ss.
934 3081 1162 3166 rigida
1187 3074 1438 3143 Allien.
1467 3077 1726 3159 pedem.
1751 3101 1817 3141 η.
1848 3082 2028 3146 233s.
2095 3081 2386 3145 Gaudia
2414 3081 2654 3164 agrosc-

865 3182 922 3229 2.
964 3183 1034 3243 p.
1076 3178 1213 3238 172.
1258 3159 1546 3223 Haller.
1573 3161 1805 3223 histor.
1840 3181 1907 3222 n.
1947 3179 1973 3224 1
2026 3178 2122 3240 91.

695 3245 881 3310 Hah.
930 3246 1021 3307 ad.
1061 3241 1325 3304 rivulos
1373 3240 1720 3323 praecipue
1767 3239 2068 3303 fontium
2112 3241 2566 3327 frigidorum·
2598 3234 2654 3295 in

722 3321 734 3338 ⁴
781 3323 1275 3389 altissimarum
1330 3321 1602 3404 alpium
1665 3324 1950 3406 regione
2007 3321 2366 3389 inferiore
2430 3316 2660 3407 passim

787 3405 1101 3487 copiose,
1143 3425 1245 3467 ex.
1272 3421 1393 3552 fr.
1439 3406 1529 3465 ad
1580 3407 1904 3489 Betzberg
1946 3424 2167 3488 prope
2222 3408 2518 3471 Vallem
2560 3402 2658 3461 ΠΥ·

783 3487 1041 3550 sariam
1063 3486 1248 3548 inter
1328 3486 1477 3546 luos
1504 3485 1740 3550 virides
1757 3485 2175 3567 frequenter,
2225 3487 2311 3549 in
2344 3488 2660 3549 adscensu

784 3566 1249 3631 St.Gotthardi
1272 3566 1760 3648 infrapontem
1789 3586 2197 3654 supremum
2224 3572 2432 3631 Ursae
2459 3575 2663 3629 versus

782 3647 1222 3731 Hospitium,
1262 3649 1389 3711 'in⁴
1439 3649 1768 3710 adscensu
1842 3652 2110 3727 Furcae,
2184 3648 2273 3711 in
2353 3651 2661 3710 descensu

791 3730 1157 3794 Grimsulae
1195 3748 1414 3811 usque
1449 3729 1532 3788 ad
1572 3731 1919 3791 Guttanen
1956 3727 2365 3810 reperitur,
2413 3729 2506 3795 ad
2541 3723 2670 3786 fon·

783 3820 917 3871 tem
946 3813 1375 3875 Baerenbalm
1408 3828 1642 3873 versus
1675 3810 2668 3895 Blancke-alp-Engelhergefl·

778 3890 967 3953 sium
1044 3890 1553 3975 copiosissime,
1635 3893 1725 3953 ad
1808 3890 2074 3952 fontem
2154 3891 2534 3975 frigidum
2608 3899 2670 3945 m

600 4027 613 4038 .
781 3972 1298 4057 Schwartzberg
1376 3971 1544 4056 pagi
1624 3973 2022 4035 Entlibuch.
2633 4039 2643 4053 ⁶

596 4075 609 4111 ‚¹
650 4080 660 4092 ’
707 4045 1015 4139 Insignis
1050 4062 1124 4119 et
1165 4050 1687 4131 distinctissime.
1737 4056 1888 4120 haec
1923 4051 2184 4137 species
2232 4049 2543 4117 difficile
2586 4045 2671 4108 dl·
