2799 4642
2000 196 2264 252 LXXX?

798 347 1040 421 Calor
1086 349 1377 422 solaris
1427 348 1786 426 directas.
1891 362 1906 374 ”

312 521 371 604 S.
416 543 515 605 97.
554 524 708 584 Jam
742 539 950 601 supra
981 516 1076 599 (S.
1107 518 1243 601 80.)
1274 522 1569 584 calorem
1599 524 1893 586 solarem
1921 527 2252 594 reflexum

229 609 339 666 vel
400 602 629 684 potius
683 603 1030 664 inclusum
1084 604 1599 680 quodammodo
1651 606 2247 688 adumbravimuS‚

228 684 353 765 qui
397 705 436 745 e
493 678 885 744 differentia
939 691 1408 763 temperaturae
1463 694 1814 748 nocturnae
1863 696 1928 748 et
1975 687 2249 762 diurnae

226 763 665 849 cognoscitur
707 772 771 823 et
807 780 889 822 eo
931 759 1156 837 major
1194 762 1621 830 existimatur
1659 782 1800 845 quo
1839 766 2058 829 serius
2092 780 2246 850 post

223 844 794 925 culminationem
834 842 999 903 solis
1036 843 1326 922 accedit,
1367 843 1492 922 qui
1535 844 1758 922 major
1789 866 1933 908 esse
1969 847 2248 912 videtur

221 925 300 987 in
334 926 538 987 terris
570 921 1092 987 australioribus
1121 922 1243 984 ubi
1281 924 1387 985 sol
1420 924 1555 985 alte
1591 927 1975 1006 adscendit,
2017 938 2082 989 et
2117 930 2247 1009 qui

218 1006 298 1071 in
325 1004 630 1072 vallibus
670 1002 955 1068 inclusis
988 1013 1230 1084 regnat
1269 1012 1333 1063 et
1372 1006 1462 1064 ad
1505 1005 1655 1069 loca
1698 1008 2027 1073 umbrosa
2050 1012 2246 1076 tadeo

216 1084 649 1162 extenditur,
690 1093 766 1143 ut
792 1101 951 1142 eum
979 1103 1061 1145 ex
1096 1083 1689 1152 observationibus
1715 1086 1860 1149 suis
1887 1087 1962 1149 in
1993 1092 2244 1160 umbra

216 1166 417 1229 sactis
445 1166 806 1227 excludere
828 1164 1264 1244 nonpossint
1284 1164 1598 1247 physici,
1639 1166 2240 1250 ideoque-speciali

216 1245 748 1308 adumbratione
787 1244 975 1312 haud
1015 1242 1372 1325 indigeat..
1423 1248 1623 1308 Nunc
1658 1258 1892 1314 autem.
1921 1251 2238 1328 quaedam.

213 1326 490 1388 adferre
543 1343 811 1386 necesse
866 1332 964 1384 est
1013 1326 1097 1385 de
1151 1325 1382 1386 calore·
1421 1325 1637 1391 solari
1685 1327 1976 1407 directo,
2031 1329 2155 1413 qui
2197 1350 2240 1391 e
2281 1349 2287 1358 ¹

159 1435 163 1454 .
215 1401 611 1469 differentia
660 1404 841 1467 inter
887 1414 1414 1499 temperaturam
1467 1405 1545 1468 in
1597 1407 1750 1469 luce
1793 1407 2009 1471 solari
2044 1419 2109 1470 et
2156 1406 2238 1478 in

212 1489 470 1550 umbra
494 1484 900 1564 aestimatur,
927 1504 1051 1563 qut
1079 1484 1155 1549 in
1182 1485 1375 1546 terris
1403 1486 1897 1568 campestribus
1929 1499 1993 1549 et
2028 1489 2236 1550 mari-

209 1565 403 1629 timis
441 1566 665 1642 major
689 1574 819 1645 est,
861 1575 927 1627 et
952 1563 1077 1644 qui
1104 1583 1186 1637 eo
1215 1564 1434 1648 magis
1464 1564 1601 1628 insi
1656 1569 1760 1629 nis
1789 1588 1930 1632 esse
1957 1568 2235 1637 videtur

209 1666 353 1726 quo
396 1646 629 1708 minus
661 1645 766 1707 sol
809 1645 886 1707 in
930 1646 1175 1710 coelum
1210 1646 1536 1725 elevatur,
1576 1646 1603 1707 i
1654 1666 1872 1727 eoque
1914 1648 1997 1716 inf
2033 1648 2232 1714 terris

205 1726 609 1790 borealibus
657 1722 995 1789 efficacior
1036 1724 1152 1804 fit,
1193 1734 1259 1786 et
1299 1746 1504 1805 quem
1555 1727 1748 1789 omni
1792 1748 2100 1797 successu
2143 1749 2230 1797 ex

209 1806 809 1871 observationibus
846 1805 994 1868 suis·
1031 1805 1403 1867 excludunt
1436 1805 1716 1889 Physici
1748 1811 1920 1870 adeo
1957 1818 2031 1869 ut
2071 1828 2229 1891 spe-2

204 1888 374 1951 ciali
408 1886 962 1951 consideratione
998 1885 1284 1947 omnino
1318 1885 1647 1981 indigeat.
1731 1890 1937 1972 Quod
1981 1887 2229 1969 plerae-

206 1988 344 2049 que
392 1970 644 2052 plantae
699 1968 775 2029 in
825 1970 1071 2028 umbra
1117 1968 1307 2027 haud
1351 1977 1589 2048 posltae
1636 1979 1828 2049 sunt,
1868 1968 1987 2030 sed
2029 1968 2230 2038 omni

206 2049 438 2111 calore
481 2045 695 2110 solari
735 2046 993 2109 directo
1040 2030 1436 2108 afficiuntur
1481 2068 1608 2131 per
1653 2068 1726 2111 se
1824 2059 1988 2127 atet3
2032 2052 2225 2128 quod

202 2128 415 2192 etiam
435 2124 712 2191 effectus
733 2128 980 2206 caloris
1005 2126 1249 2189 solaris
1275 2124 1409 2203 maj
1420 2146 1499 2190 or
1526 2128 1640 2190 fiat
1666 2129 1744 2191 in
1816 2130 2224 2214 yperboreis

200 2208 649 2292 regionibus,
689 2208 813 2269 ubi
849 2208 953 2270 sol
990 2227 1114 2290 per
1151 2216 1448 2269 aestatem
1486 2228 1824 2270 summam
1859 2229 2222 2289 nunquam

204 2287 500 2370 occidit,
550 2288 966 2371 jamdudum
1024 2307 1109 2350 ex
1158 2286 1610 2351 diuturnitate
1670 2288 1916 2352 caloris
1973 2288 2220 2352 solaris

198 2381 421 2455 patet,
465 2372 654 2432 unde
690 2367 1024 2454 vegetatio
1063 2367 1167 2429 ibi
1199 2389 1468 2450 semper
1507 2368 1756 2431 melior
1787 2366 1862 2429 fit
1895 2389 2102 2449 quam
2138 2389 2220 2430 ex

200 2450 798 2515 observationibus
825 2448 1392 2512 thermometricis
1422 2448 1497 2510 in
1521 2452 1764 2511 umbra
1783 2448 1974 2512 factis
2003 2449 2222 2514 credi-

198 2531 410 2594 deris.
473 2534 622 2594 Hac
648 2531 916 2592 ratione
930 2527 1344 2606 jamdudum
1376 2528 1811 2622 aliquatenus
1838 2530 2220 2613 explicatur

179 2614 555 2692 *quomodo
602 2610 939 2695 vegetatio
990 2608 1065 2671 in
1111 2608 1309 2695 terris
1353 2609 1719 2671 maritimis
1760 2609 2216 2749 hiyperboreis

196 2712 303 2757 ex.
345 2714 447 2778 gr.
492 2695 582 2754 ad
627 2689 1189 2754 Promontorium
1224 2688 1757 2770 septentrionale
1824 2696 1937 2750 ere
1976 2691 2216 2750 eadem

194 2793 341 2836 esse
365 2773 579 2855 possit
604 2793 682 2835 ac
708 2773 785 2834 in
815 2769 1218 2854 regionibus
1238 2768 1688 2830 interioribus
1708 2768 2082 2852 Lapponiae
2112 2788 2214 2829 ex.

197 2873 301 2941 gr.
342 2855 431 2915 ad
470 2851 882 2932 Enontekis,
921 2868 1341 2931 quamquam
1378 2847 2217 2912 observationes'thermo-

195 2933 498 2996 metricae
543 2934 910 2995 'nonnullae
963 2927 1275 2992 indicent
1321 2937 1853 3012 temperaturam
1911 2928 2214 2991 aestivam

194 3013 303 3076 ibi
323 3033 566 3095 parum
602 3014 1014 3077 adscendere
1040 3010 1149 3073 vel
1175 3009 1337 3072 satis
1366 3007 1703 3091 aequalem
1735 3029 1910 3088 esse,
1937 3011 2107 3070 adeo
2139 3017 2214 3071 ut

192 3094 447 3158 exinde
478 3095 709 3176 potius
738 3090 1238 3176 vegetationem
1273 3089 1541 3173 alpium
1580 3090 2068 3153 australiorum
2101 3090 2216 3150 ex·

192 3174 591 3257 pectaveriS.
670 3177 824 3235 Non
881 3175 1127 3234 desunt
1179 3181 1410 3234 tamen
1464 3169 2003 3249 observationes,
2058 3188 2213 3249 quae

189 3256 493 3338 probant
535 3261 1058 3338 temperaturam
1095 3251 1462 3315 aestivalem
1498 3250 1703 3313 etiam
1740 3250 1816 3312 in
1854 3251 2048 3312 terris
2082 3253 2214 3332 hy-

190 3332 547 3417 perboreis
583 3332 948 3396 maritimis
990 3332 1340 3394 interdum
1381 3331 1587 3395 altius
1631 3332 2074 3403 adscendere;
2113 3330 2214 3393 sic

192 3435 296 3476 ex.
324 3434 426 3497 gr.
461 3436 545 3476 ex
586 3414 822 3498 paucis
854 3413 996 3475 illis
1024 3412 1618 3475 observationibus
1649 3411 2098 3475 Godthaabiae
2134 3409 2212 3472 in

194 3495 634 3558 Gronlandia
673 3492 1003 3557 institutis
1062 3513 1215 3572 quae
1247 3502 1681 3561 asservantur
1719 3493 1799 3554 in
1836 3492 2214 3572 Ephemeri-

192 3574 384 3638 dibus
405 3576 658 3643 Societ.
679 3574 989 3653 Meteoro
1025 3616 1043 3634 .
1064 3574 1288 3637 Palae.
1321 3577 1496 3652 1787.
1523 3593 1690 3653 pag.
1723 3574 1897 3651 400„
1929 3571 2211 3634 deduci-

189 3671 305 3718 tur
347 3665 805 3737 temperatura
851 3653 1075 3716 media
1118 3675 1247 3738 pro
1295 3673 1528 3716 11—-20
1558 3651 1731 3717 suni
1763 3655 1989 3714 ÷10.26
2021 3655 2213 3715 Cent-

187 3737 400 3798 Haud
429 3734 714 3814 quidem
748 3733 1190 3797 infitiandum
1228 3745 1359 3814 est,
1398 3743 1636 3797 ventos
1665 3752 1747 3794 ex
1766 3732 1984 3816 glacie
2011 3731 2215 3802 mari-

190 3817 361 3878 tima
388 3815 612 3898 frigus
643 3817 813 3877 adeo
841 3814 1144 3894 adferre,
1187 3825 1263 3877 ut
1291 3823 1745 3900 temperatura
1774 3813 2001 3875 media
2025 3824 2216 3874 aesta-

188 3897 276 3962 tis
317 3896 398 3960 in
444 3896 642 3979 terris
676 3896 1132 3981 hyperboreis
1177 3893 1410 3964 minor
1448 3892 1567 3962 fiat
1599 3913 1806 3975 quam
1848 3903 1927 3961 ut
1964 3893 2216 3956 exinde
