2799 4642
562 328 739 386 mv-

563 477 931 562 Corydales
994 477 1072 544 in
1140 485 1435 560 utraque
1494 488 1673 545 terra
1723 474 1987 562 plantis
2041 474 2188 539 fere
2245 474 2607 558 paludosis

640 561 1027 625 constitutae
1064 559 1142 624 in
1168 552 1407 624 Sve'cia
1442 557 1950 624 numerosiores
1979 566 2178 636 sunt,
2221 566 2287 618 et
2317 554 2394 618 in
2422 555 2608 638 Lap-

635 641 855 725 ponia
882 661 1163 724 quoque
1190 643 1379 725 paris
1414 642 1693 709 numeri
1724 652 1792 706 et
1817 640 2051 707 forsan
2083 638 2291 703 altius
2321 638 2608 700 adscen-

517 784 521 788 .
644 725 822 786 dunt
913 742 1074 787 uam
1116 722 1194 785 in
1240 724 1578 789 Helvetia.
2148 729 2152 732 ’

560 801 625 887 S.
665 806 765 866 62.
892 804 1292 888 ultisiliquoe
1331 810 1412 882 34
1434 804 1697 889 species
1732 812 2000 868 tantum
2038 804 2299 868 habent
2328 801 2438 865 vel
2469 801 2603 871 mi*-

596 910 597 913 “
642 904 888 948 norem
932 906 1304 949 numerum
1340 884 1771 950 constituunt
1801 905 2012 968 quam
2055 885 2133 948 in
2170 883 2429 961 Svecim
2471 886 2603 949 ubi

642 967 917 1029 circiter
970 985 1052 1046 40
1101 967 1396 1051 species,
1502 970 1748 1029 uarum
1810 967 2041 1029 multae
2099 987 2129 1030 s
2182 966 2359 1032 ecies
2420 989 2605 1032 cam-

643 1057 901 1131 pestres
946 1046 1348 1127 Anemones,
1402 1048 1465 1114 Τ
1508 1049 1747 1111 alictri
1785 1055 1852 1110 et
1891 1043 2108 1112 Adoni
2153 1052 2243 1127 is,
2285 1046 2413 1113 ne‘c
2449 1071 2596 1114 non

648 1127 1025 1211 stlyosurus
1055 1129 1538 1197 desiderantur
1555 1129 1633 1194 in
1655 1130 1989 1195 Helvetia.
2009 1133 2143 1194 Sed
2160 1132 2417 1215 species
2439 1134 2603 1216 pul-

649 1210 1007 1274 cherrimae
1066 1211 1415 1295 praecipue
1473 1214 1908 1275 Anemonum
1965 1211 2298 1277 Helvetia!
2352 1234 2605 1297 pascua

647 1289 892 1374 alpina
910 1294 1287 1356 admodum
1311 1302 1565 1358 ornant
1585 1303 1651 1357 et
1669 1293 2135 1377 praestantiam
2152 1296 2605 1379 vegetationis

654 1388 896 1435 eorum
937 1375 1329 1437 ostendunt.
2059 1408 2064 1413 ·

574 1450 934 1519 Rhoeadeoe
970 1458 1226 1520 eaedem
1260 1454 1402 1520 fere
1430 1465 1498 1520 et
1528 1453 1727 1540 parvi
1757 1451 2092 1520 momenti
2119 1462 2286 1519 sunt
2316 1451 2397 1518 in
2425 1464 2605 1520 utra-

658 1555 794 1615 que
835 1545 1049 1616 terra,
1087 1536 1151 1600 si
1187 1537 1498 1619 Papaver
1536 1538 1853 1618 alpinum
1892 1534 2337 1618 excipiamus.

577 1612 842 1687 Luridoe
907 1637 977 1676 ιι
1033 1619 1272 1679 saltem
1328 1620 1587 1700 species
1628 1618 1738 1680 vel
1792 1618 2010 1699 duplo
2066 1615 2210 1678 fere
2268 1613 2609 1692 majorem

657 1714 1029 1756 numerum
1065 1691 1369 1762 offerunt
1404 1717 1610 1780 quam
1656 1696 1733 1759 in
1773 1697 2044 1774 Svecia3
2084 1707 2151 1759 et
2189 1717 2272 1759 ex
2301 1696 2413 1764 his
2445 1699 2609 1780 pul·

655 1773 1003 1837 cherrima
1032 1774 1360 1861 Digitalis
1401 1780 1553 1841 loca
1593 1780 1766 1841 adeo
1807 1776 2180 1861 subalpina
2222 1776 2502 1856 incolit,
2545 1785 2612 1840 et

656 1874 981 1941 magnam
995 1859 1461 1940 praestantiam
1480 1859 1846 1924 Helveticae
1877 1864 2072 1923 terrae
2100 1856 2431 1939 ostendit,
2448 1880 2609 1922 cum

657 1937 1020 2018 Lapponia
1062 1937 1386 2001 omnibus
1430 1938 1710 2002 Luridis
1752 1940 2184 2002 destituatur.

570 2011 639 2098 ς.
680 2020 781 2080 63.
823 2018 1312 2098 Campanaceoe
1343 2022 1422 2082 28
1443 2020 1702 2104 species
1722 2019 1994 2083 circiter
2013 2021 2304 2098 habent,
2347 2040 2504 2091 cum
2529 2018 2609 2081 in

655 2095 894 2167 Svacia
925 2100 1045 2162 vix
1079 2103 1160 2163 23
1188 2099 1449 2185 species
1485 2110 1969 2179 numerentur3
2010 2100 2356 2184 praecipue
2382 2110 2614 2161 autem

658 2178 935 2242 excellit
948 2181 1263 2243 Helvetia
1283 2182 1522 2266 alpina
1545 2180 1929 2263 Phyteumis
1947 2182 2091 2244 suis
2112 2182 2316 2267 singu
2326 2181 2614 2260 laribus,

631 2257 1102 2344 'Campanula
1141 2262 1535 2345 thyrsoidea
1575 2262 1904 2345 aliisque,
1948 2262 2151 2326 Viola
2197 2263 2616 2336 calcamur,

656 2360 800 2419 quo
837 2340 1020 2428 nihil
1057 2345 1155 2406 ab
1180 2345 1462 2428 alpibus
1492 2340 2011 2409 Scandinavicis
2042 2344 2265 2429 magis
2298 2343 2612 2407 alienum

663 2433 785 2483 est.

583 2500 916 2563 Contortoe
970 2507 1212 2600 eodem
1264 2502 1407 2569 fere
1454 2508 1666 2570 modo
1718 2525 1794 2572 se
1845 2482 2136 2585 habent,
2191 2505 2269 2569 in
2318 2512 2619 2586 utraque·

657 2592 838 2644 terra
878 2604 1332 2665 paucissimae.

586 2674 646 2760 §-
688 2680 787 2755 64.
828 2677 1364 2761 Veprecutarum
1403 2695 1444 2761 4
1475 2681 1734 2767 species
1773 2691 1936 2768 sunt
1968 2681 2079 2746 vel
2118 2680 2337 2764 duplo
2376 2681 2618 2763 plures

667 2771 878 2840 quam
919 2759 998 2826 in
1036 2763 1308 2839 Svecia;
1349 2768 1470 2828 sed
1512 2765 1733 2830 multo
1768 2762 2293 2828 memorabilius
2329 2772 2466 2841 est,
2504 2778 2621 2823 eas

667 2857 907 2905 omnes
963 2843 1041 2906 in
1083 2845 1418 2908 Helvetiae
1470 2848 1658 2929 alpes
1711 2848 1933 2909 nudas
1988 2843 2413 2907 adscendere
2458 2861 2619 2906 cum

668 2930 905 2985 contra
947 2934 1157 2987 totam
1199 2922 1340 2989 fere
1384 2925 1816 3010 Lapponiam
1858 2925 2156 3010 fugiant.

586 2997 648 3086 s.
689 3003 788 3063 65.
829 3004 1332 3086 Popilianaceoe
1366 3004 1478 3087 (4¹
1510 3004 1805 3091 species)
1844 3006 1961 3069 vix
1993 3023 2283 3067 numero
2324 3010 2487 3065 sunt
2519 3010 2621 3064 tot

667 3103 872 3164 quam
897 3084 971 3149 in
989 3087 1223 3157 Svecia
1240 3134 1258 3167 ,
1289 3086 1767 3169 quiaTrifolia
1785 3085 2225 3169 campestria,
2245 3084 2622 3165 Spartium,

671 3164 971 3230 Genistae
1005 3178 1129 3231 etc.
1171 3169 1652 3233 desiderantur
1692 3167 1767 3230 in
1806 3166 2152 3243 Helvetia3
2195 3167 2335 3226 fere
2377 3183 2624 3227 omnes

667 3262 833 3308 vero
875 3250 1096 3326 multo
1138 3249 1349 3314 altius
1382 3252 1813 3313 adscendunt
1854 3249 1929 3311 in
1972 3249 2038 3310 al
2092 3267 2160 3309 es
2200 3245 2625 3323 Helveticas,

669 3333 739 3386 et
766 3346 923 3391 cum
960 3329 1264 3393 nitidum
1293 3331 1476 3393 illud
1511 3330 1958 3412 Hedysarum
1990 3350 2036 3391 α
2060 3330 2307 3410 pinum
2339 3336 2406 3388 et
2445 3328 2623 3387 Ono·

673 3402 944 3487 bryclu's
997 3429 1126 3474 nec
1191 3431 1336 3475 non
1391 3412 1775 3493 Trifolium
1818 3412 2145 3492 alpinum
2197 3408 2274 3471 in
2327 3404 2623 3470 summis

662 3488 947 3570 alpibus
991 3491 1449 3577 reperiamuS‚
1492 3493 1850 3558 fatendum
1895 3502 1999 3556 est
2042 3486 2374 3553 Helvetiae
2431 3488 2625 3569 alpes

668 3569 813 3632 suis
839 3572 1096 3656 plantis
1120 3574 1558 3659 pratensibus
1581 3574 2014 3670 Lapp‘oniam
2046 3568 2268 3655 magis
2297 3585 2629 3652 superare

672 3671 882 3729 quam
927 3655 1092 3721 ullis
1134 3650 1291 3721 aliis
1327 3654 1853 3739 'vegetabilibus-
2563 3725 2579 3741 .

538 3728 554 3742 “
593 3727 1211 3802 Lomentacearum
1244 3755 1280 3801 ²
1311 3739 1425 3801 vel
1452 3742 1494 3802 3
1520 3736 1873 3822 Polygalae
1908 3729 2168 3818 species
2203 3728 2280 3792 in
2308 3728 2629 3792 Helvetia

679 3818 900 3882 multo
941 3819 1146 3883 altius
1191 3820 1638 3883 adscendunt.
1990 3892 2009 3909 ⁶
2556 3885 2573 3901 .

593 3889 657 3978 S.
698 3905 798 3963 66.
837 3902 1355 3966 Senticosarum
1404 3903 1481 3963 26
1513 3906 1795 3981 tantum.
1828 3913 2088 3978 species
2125 3896 2307 3965 sunt,
2348 3906 2505 3949 cum
2550 3905 2629 3948 m

673 3983 911 4049 svecia
959 3985 1140 4060 ultra
1193 3987 1273 4048 30
1320 3980 1580 4067 species
1635 3984 2109 4042 numerentur.
2188 3972 2630 4064 Quamquam

678 4061 1010 4154 Helvetiae
1050 4061 1238 4150 alpes
1264 4064 1425 4130 Geis
1447 4061 1591 4128 suis
1613 4057 1906 4146 fulgidis
1938 4065 2005 4120 et
2037 4047 2448 4118 Alchemtlla
2476 4068 2630 4131 pen·
