2799 4642
2037 314 2199 366 va

173 470 545 536 Ursariam.
585 462 899 536 Similem
922 459 1263 533 rationem
1291 468 1639 553 pleraeque
1665 467 1920 548 plantae
1941 469 2196 551 alpinae

171 563 574 635 sequuntur.
617 555 755 613 Nec
786 561 1007 615 tamen
1033 570 1265 634 paucae
1287 554 1477 632 alpes
1500 551 1862 611 interiores
1884 549 2193 636 fugiunt:

170 656 274 698 ex.
305 658 402 720 gr.
424 632 837 700 Globularia
864 632 1268 706 nudicaulis
1288 632 1662 693 terminum
1694 629 2090 712 inferiorem
2117 634 2197 697 in

166 719 400 779 Monte
430 714 595 796 Rigi
626 716 866 793 hahet,
907 712 1155 776 exinde
1191 734 1316 796 per
1355 714 1543 794 alpes
1575 711 2199 776 Abbatiscellaneas

165 806 229 859 et
260 798 840 881 Engelbergenses
883 797 1415 877 transgreditur3
1454 794 1574 854 sed
1611 794 1701 861 St.
1738 794 2199 858 Gotthardum.

164 877 375 962 fugit,
425 877 662 956 itaque
711 876 786 936 in
839 877 1071 937 tabula
1102 875 1476 938 terminum
1517 872 1665 948 ejus
1696 893 1971 936 sursum
2007 875 2201 944 ¹traxi.

164 961 334 1020 adeo
375 968 449 1019 ut
479 976 883 1039 supremum
923 977 1136 1018 suum,
1165 956 1460 1017 limitem
1503 952 1688 1014 infra
1741 956 2199 1020 Hoch-Sentis

138 1037 519 1115 ‘inveniatu
530 1059 583 1115 r,
609 1038 731 1097 uhi
750 1056 1004 1100 nomen
1020 1035 1168 1113 ejus
1187 1035 1474 1098 cursivis
1490 1033 1737 1096 litteris
1753 1037 2054 1116 positum
2079 1046 2198 1100 est.

161 1119 320 1182 Pari
356 1121 568 1181 modo
598 1113 982 1180 Andro-sace
1026 1118 1272 1179 villosa
1315 1117 1390 1177 in
1426 1118 1635 1196 Speer
1672 1115 1958 1198 incipit,
2007 1130 2198 1182 trans

159 1200 787 1263 Abbatiscellaneas
839 1207 904 1258 et
945 1201 1043 1259 En
1098 1200 1527 1281 elbergenses
1588 1196 1778 1277 alpes
1833 1195 2199 1262 deducitur

159 1291 226 1344 et
264 1281 570 1360 denique
609 1281 700 1341 St.
748 1278 1037 1340 Gotthar
1089 1300 1205 1340 um
1255 1278 1518 1339 evitans
1569 1276 1943 1338 terminum
1990 1300 2199 1343 suum

159 1381 563 1444 supremum
599 1357 675 1420 in
708 1358 1338 1444 Laubergratspitze
1377 1357 1676 1438 attingit.
1757 1359 1901 1419 Lon
1954 1379 1991 1420 e
2033 1381 2196 1425 vero

160 1445 395 1526 plures
421 1450 583 1504 sunt
611 1441 864 1521 plantae
896 1441 1158 1520 alpium
1189 1438 1636 1515 centralium,
1681 1458 1835 1517 quae
1864 1459 1900 1499 a
1932 1459 2051 1520 pes
2087 1461 2200 1504 ex·

162 1524 448 1585 teriores
485 1521 801 1606 fugiunt,
841 1523 1032 1600 quod
1077 1521 1362 1601 quidem
1401 1517 1555 1600 pari
1599 1522 1805 1579 modo
1849 1519 1922 1580 in
1965 1524 2199 1587 tabula
2260 1578 2262 1580 ,

166 1605 525 1666 ostendere
544 1612 828 1662 conatus
851 1621 1038 1678 sum,
1078 1621 1181 1661 cx.
1216 1621 1319 1683 gr.
1353 1599 1665 1667 Achillea
1706 1603 2197 1681 macrophylla

162 1683 300 1746 fere
341 1684 435 1745 ad
473 1682 862 1745 Geschinen
895 1679 1273 1742 terminum
1315 1678 1717 1740 inferiorem
1746 1680 1987 1762 habet,
2029 1682 2197 1745 in‘de

158 1762 474 1848 procedit
533 1760 717 1823 infra
777 1763 1204 1839 Herremjiite
1264 1761 1925 1843 Engelhergensium
1948 1807 1966 1840 ‚
2030 1764 2197 1827 dein.

163 1847 343 1928 alpes
402 1841 770 1905 exteriores
814 1841 1089 1926 fugiens
1134 1842 1509 1903 terminum
1553 1861 1829 1902 sursum
1871 1842 2193 1924 inflectit,

160 1931 328 1988 adeo
362 1933 441 1986 ut
474 1922 662 1985 infra
682 1923 1112 2004 Surenenalp
1142 1941 1397 1985 nomen
1434 1923 1782 1985 cursivum
1818 1923 2196 1989 terminum

160 2007 590 2088 superiorem
624 2002 945 2065 indicans
986 2004 1390 2084 reperiatur.
1469 2003 1935 2086 Hypochoeris
1980 2004 2195 2067 helve-

159 2088 296 2148 tica
329 2086 580 2169 paullo
613 2104 827 2166 supra
853 2085 1143 2145 Urseren
1180 2083 1524 2164 incipiens
1568 2085 1774 2144 etiam
1816 2086 2197 2168 Engelber-

203 2188 395 2229 enses
423 2167 616 2247 alpes
645 2165 883 2242 evitat,
926 2163 1160 2244 itaque
1188 2163 1524 2226 terminus
1552 2163 1701 2239 ejus
1725 2184 1886 2226 mox
1917 2186 2197 2230 sursum

92 2254 121 2317 ³,
158 2186 452 2310 flectitur
494 2257 680 2306 trans
726 2246 1030 2327 Oberalp
1076 2264 1293 2325 usque
1333 2248 1425 2306 ad
1466 2246 1866 2306 Rosshoden
1908 2246 2206 2328 bovilia,

158 2329 274 2403 ubi
298 2346 566 2392 nomen
592 2324 742 2402 ejus
771 2327 1114 2388 cursivum
1140 2327 1416 2412 legitur.
1496 2326 1609 2388 Sic
1632 2326 1916 2387 nomina
1946 2327 2195 2391 litteris

157 2412 395 2473 erectis
427 2417 720 2484 exarata,
749 2406 1077 2467 terminos
1101 2405 1470 2468 inferiores
1489 2408 1885 2488 plantarum
1920 2406 1992 2467 in
2017 2409 2196 2489 alpi·

156 2491 279 2552 bus
315 2487 776 2551 interioribus
802 2487 1258 2549 -solummodo
1305 2487 1752 2549 crescentium
1787 2486 2196 2569 indicantia,

153 2572 357 2653 posui
399 2570 492 2631 ad
530 2567 915 2651 marginem
951 2569 1265 2629 dextrum
1307 2567 1592 2646 tabu1ae3
1638 2569 1925 2636 nomina
1961 2580 2195 2633 autem

153 2652 427 2722 cui-‚siva
484 2648 856 2711 terminum
897 2648 1327 2729 superiorem
1381 2648 1767 2711 indicantia
1820 2650 2064 2731 scripsi
2113 2650 2193 2714 in

155 2733 241 2793 St.
287 2728 662 2793 Gotthardi
702 2728 973 2790 ditione
1025 2746 1153 2810 pro
1194 2727 1471 2811 plantis,
1512 2746 1665 2807 quae
1713 2746 1855 2788 non
1900 2729 2196 2800 ulterius

155 2821 538 2895 evagantur
566 2829 666 2872 ex.
694 2828 797 2893 gr.
821 2808 1264 2870 Renunculus
1283 2827 1640 2891 pyrenoeus
1657 2848 1677 2882 ‚
1719 2809 1928 2870 Pieris
1956 2810 2190 2891 crispa

147 2903 309 2969 etc.;
366 2892 491 2953 sed
533 2911 688 2954 cum
730 2890 985 2973 pla-ntae
1038 2890 1243 2952 etiam
1300 2890 1377 2951 in
1434 2889 1771 2951 ditionem
1815 2891 2196 2975 Engelber-

155 2991 437 3055 gensem
470 2974 820 3048 excedant,
849 2970 954 3031 ihi
977 2971 1421 3053 reperiuntur
1448 2991 1681 3036 earum
1720 2970 1999 3031 nomina
2036 2993 2198 3033 cur-

46 3055 52 3068 '
152 3055 300 3120 siva
341 3074 448 3115 ex.
477 3072 578 3135 gr.
603 3047 1013 3114 Alchemilla
1043 3051 1539 3146 pentaplffyllea
1564 3091 1584 3127 ‚
1625 3050 2049 3113 Pedicularis
2090 3074 2192 3117 re-

157 3135 377 3195 cutita
434 3145 559 3194 etc.
660 3134 1056 3193 Plantarum
1116 3144 1247 3195 tam
1307 3155 1382 3193 in
1439 3130 1737 3213 alpibus
1772 3132 2190 3197 centralihus

155 3232 365 3294 quam
407 3213 681 3275 extimis
727 3212 1177 3276 crescentium
1220 3211 1509 3275 nomina
1551 3211 1820 3274 cursiva
1862 3224 1927 3275 et
1968 3226 2191 3277 erecta

157 3295 241 3356 ad
262 3303 635 3374 ultrumque
659 3296 836 3364 latus
859 3293 1128 3389 alpium
1157 3294 1571 3357 exteriorum
1593 3312 1957 3375 posueram
1974 3295 2192 3376 prim,

157 3374 321 3454 quia
348 3394 587 3436 eorum
616 3376 894 3436 termini
923 3374 1025 3436 ibi
1055 3376 1432 3439 certissime
1454 3374 2002 3436 determinantur
2032 3398 2190 3438 cum

157 3474 389 3517 versus
445 3457 634 3537 alpes
692 3455 1024 3519 centrales
1068 3476 1250 3537 saepe
1303 3455 1733 3531 abnormiter
1781 3458 2191 3526 delabantur,

158 3536 359 3598 sicuti
413 3536 881 3599 demonstravi
929 3537 1259 3619 exemplis
1305 3532 1727 3615 Alchemillae
1766 3538 2017 3616 alpinae
2066 3550 2192 3602 etc.

159 3615 319 3677 Haec
380 3628 607 3676 autem
653 3618 940 3689 nomina
994 3619 1194 3679 valde
1248 3618 1531 3699 copiosa
1587 3618 1838 3698 partim
1883 3617 2189 3681 tabulam

161 3698 540 3758 onerabant
561 3701 807 3777 partim
831 3699 1150 3778 praetium
1175 3699 1348 3762 adeo
1379 3698 1743 3783 augebant,
1780 3706 1856 3757 ut
1889 3716 2035 3757 com
2048 3719 2191 3760 mo·

159 3776 301 3838 veri
331 3797 440 3837 me
467 3797 704 3858 passus
734 3780 863 3852 sim
909 3798 987 3856 ea
1029 3779 1105 3840 in
1146 3779 1486 3861 peculiari
1519 3781 1752 3840 tabula
1784 3771 2036 3839 litteris
2062 3778 2189 3839 im-

157 3872 383 3936 pressa
417 3869 483 3919 et
522 3856 638 3919 hic
670 3878 937 3920 annexa
976 3872 1458 3939 transponere,
1502 3878 1656 3939 quae
1693 3861 1961 3918 easdem
2002 3880 2190 3921 men-

160 3954 343 3998 suras
368 3939 573 3999 habet
608 3958 684 4000 ac
711 3942 941 4006 tabula
963 3940 1113 4022 ipsa
1148 3940 1292 4004 aeri
1323 3941 1541 4003 incisa
1577 3941 1772 4015 adeO,
1798 3952 1871 3999 ut
1906 3939 1965 3999 si
1996 3941 2187 4001 lubet

160 4034 310 4078 cum
339 4038 419 4081 ea
445 4021 909 4105 conglutinari
937 4025 1044 4085 vel
1072 4023 1312 4085 saltem
1345 4023 1412 4083 ei
1444 4018 1743 4100 adjungi
1770 4032 1993 4100 queat.
2036 4024 2187 4084 Hoc
