<?xml version="1.0" encoding="UTF-8"?>
<!DOCTYPE html PUBLIC "-//W3C//DTD XHTML 1.0 Transitional//EN"
    "http://www.w3.org/TR/xhtml1/DTD/xhtml1-transitional.dtd">
<html xmlns="http://www.w3.org/1999/xhtml" xml:lang="en" lang="en">
 <head>
  <title>
</title>
<meta http-equiv="Content-Type" content="text/html;charset=utf-8" />
  <meta name='ocr-system' content='tesseract 3.04.00' />
  <meta name='ocr-capabilities' content='ocr_page ocr_carea ocr_par ocr_line ocrx_word'/>
</head>
<body>
  <div class='ocr_page' id='page_1' title='image "./georgiiwahlenbe00wahlgoog_0190.png"; bbox 0 0 2799 4642; ppageno 0'>
   <div class='ocr_carea' id='block_1_1' title="bbox 622 255 1891 354">
    <p class='ocr_par' dir='ltr' id='par_1_1' title="bbox 622 255 1891 354">
     <span class='ocr_line' id='line_1_1' title="bbox 622 255 1891 354; baseline 0 -63"><span class='ocrx_word' id='word_1_1' title='bbox 622 270 721 354; x_wconf 69' lang='lat'><strong>78</strong></span> <span class='ocrx_word' id='word_1_2' title='bbox 1394 255 1891 292; x_wconf 45' lang='lat'><strong>...2002-</strong></span> 
     </span>
    </p>
   </div>
   <div class='ocr_carea' id='block_1_2' title="bbox 562 420 2644 578">
    <p class='ocr_par' dir='ltr' id='par_1_2' title="bbox 562 420 2644 578">
     <span class='ocr_line' id='line_1_2' title="bbox 562 420 2644 510; baseline -0.002 -15"><span class='ocrx_word' id='word_1_3' title='bbox 562 467 571 475; x_wconf 89' lang='lat'><strong>·</strong></span> <span class='ocrx_word' id='word_1_4' title='bbox 619 433 712 503; x_wconf 85' lang='lat' dir='ltr'><strong>sit</strong></span> <span class='ocrx_word' id='word_1_5' title='bbox 765 424 1152 510; x_wconf 68' lang='lat' dir='ltr'><strong>sequentia,</strong></span> <span class='ocrx_word' id='word_1_6' title='bbox 1214 431 1292 486; x_wconf 86' lang='lat' dir='ltr'><strong>ut</strong></span> <span class='ocrx_word' id='word_1_7' title='bbox 1351 420 1599 484; x_wconf 87' lang='lat' dir='ltr'><strong>merito</strong></span> <span class='ocrx_word' id='word_1_8' title='bbox 1664 422 2132 510; x_wconf 84' lang='lat' dir='ltr'><strong>conjungatur</strong></span> <span class='ocrx_word' id='word_1_9' title='bbox 2192 447 2350 490; x_wconf 89' lang='lat' dir='ltr'><strong>cum</strong></span> <span class='ocrx_word' id='word_1_10' title='bbox 2412 426 2538 490; x_wconf 85' lang='lat' dir='ltr'><strong>illa</strong></span> <span class='ocrx_word' id='word_1_11' title='bbox 2601 449 2644 491; x_wconf 88' lang='lat' dir='ltr'><strong>a</strong></span> 
     </span>
     <span class='ocr_line' id='line_1_3' title="bbox 620 508 1100 578; baseline -0.021 0"><span class='ocrx_word' id='word_1_12' title='bbox 620 508 1100 578; x_wconf 82' lang='lat' dir='ltr'><strong>Decandollio.</strong></span> 
     </span>
    </p>
   </div>
   <div class='ocr_carea' id='block_1_3' title="bbox 615 619 2640 1833">
    <p class='ocr_par' dir='ltr' id='par_1_3' title="bbox 624 619 2638 949">
     <span class='ocr_line' id='line_1_4' title="bbox 624 619 2638 710; baseline -0.002 -18"><span class='ocrx_word' id='word_1_13' title='bbox 624 648 765 710; x_wconf 71' lang='lat'><strong>440.</strong></span> <span class='ocrx_word' id='word_1_14' title='bbox 804 622 1307 691; x_wconf 86' lang='lat' dir='ltr'><strong>SAXIFRAGA</strong></span> <span class='ocrx_word' id='word_1_15' title='bbox 1363 620 1573 701; x_wconf 81' lang='lat' dir='ltr'><strong>bryo</strong></span> <span class='ocrx_word' id='word_1_16' title='bbox 1591 619 1764 682; x_wconf 82' lang='lat' dir='ltr'><strong>ides</strong></span> <span class='ocrx_word' id='word_1_17' title='bbox 1825 620 2015 682; x_wconf 82' lang='lat' dir='ltr'><strong>Lz’nn.</strong></span> <span class='ocrx_word' id='word_1_18' title='bbox 2051 643 2229 702; x_wconf 83' lang='lat' dir='ltr'><strong>spec.</strong></span> <span class='ocrx_word' id='word_1_19' title='bbox 2274 625 2495 706; x_wconf 81' lang='lat' dir='ltr'><em>plant.</em></span> <span class='ocrx_word' id='word_1_20' title='bbox 2538 628 2638 692; x_wconf 76' lang='lat' dir='ltr'><strong>ed.</strong></span> 
     </span>
     <span class='ocr_line' id='line_1_5' title="bbox 863 701 2635 786; baseline 0.002 -19"><span class='ocrx_word' id='word_1_21' title='bbox 863 705 1105 772; x_wconf 82' lang='lat' dir='ltr'><strong>Willd.</strong></span> <span class='ocrx_word' id='word_1_22' title='bbox 1132 723 1195 772; x_wconf 74' lang='lat'><strong>2·</strong></span> <span class='ocrx_word' id='word_1_23' title='bbox 1237 723 1306 783; x_wconf 85' lang='lat' dir='ltr'><strong>p.</strong></span> <span class='ocrx_word' id='word_1_24' title='bbox 1339 703 1482 781; x_wconf 71' lang='grc'><strong>645.</strong></span> <span class='ocrx_word' id='word_1_25' title='bbox 1562 701 1849 779; x_wconf 82' lang='lat' dir='ltr'><strong>Scopol.</strong></span> <span class='ocrx_word' id='word_1_26' title='bbox 1908 722 2097 765; x_wconf 83' lang='lat' dir='ltr'><strong>carn.</strong></span> <span class='ocrx_word' id='word_1_27' title='bbox 2157 727 2224 766; x_wconf 81' lang='lat' dir='ltr'><strong>n.</strong></span> <span class='ocrx_word' id='word_1_28' title='bbox 2265 709 2409 786; x_wconf 74' lang='grc'><strong>497.</strong></span> <span class='ocrx_word' id='word_1_29' title='bbox 2451 719 2498 771; x_wconf 84' lang='lat' dir='ltr'><strong>t.</strong></span> <span class='ocrx_word' id='word_1_30' title='bbox 2543 712 2635 778; x_wconf 86' lang='lat'><strong>15.</strong></span> 
     </span>
     <span class='ocr_line' id='line_1_6' title="bbox 862 780 2632 870; baseline 0.002 -21"><span class='ocrx_word' id='word_1_31' title='bbox 862 790 1108 870; x_wconf 81' lang='lat' dir='ltr'><strong>Jacqu.</strong></span> <span class='ocrx_word' id='word_1_32' title='bbox 1148 787 1338 846; x_wconf 81' lang='lat' dir='ltr'><strong>misc.</strong></span> <span class='ocrx_word' id='word_1_33' title='bbox 1376 800 1435 845; x_wconf 79' lang='lat'><strong>2.</strong></span> <span class='ocrx_word' id='word_1_34' title='bbox 1463 804 1531 861; x_wconf 84' lang='lat' dir='ltr'><strong>p.</strong></span> <span class='ocrx_word' id='word_1_35' title='bbox 1558 784 1657 861; x_wconf 72' lang='grc'><strong>49.</strong></span> <span class='ocrx_word' id='word_1_36' title='bbox 1703 790 1748 842; x_wconf 87' lang='lat' dir='ltr'><strong>t.</strong></span> <span class='ocrx_word' id='word_1_37' title='bbox 1775 780 1834 848; x_wconf 87' lang='lat'><strong>5.</strong></span> <span class='ocrx_word' id='word_1_38' title='bbox 1861 782 1935 861; x_wconf 86' lang='lat' dir='ltr'><strong>f.</strong></span> <span class='ocrx_word' id='word_1_39' title='bbox 1971 801 2024 845; x_wconf 89' lang='lat'><strong>1.</strong></span> <span class='ocrx_word' id='word_1_40' title='bbox 2104 785 2385 850; x_wconf 82' lang='lat' dir='ltr'><strong>Haller.</strong></span> <span class='ocrx_word' id='word_1_41' title='bbox 2413 810 2632 853; x_wconf 84' lang='lat' dir='ltr'><strong>enum.</strong></span> 
     </span>
     <span class='ocr_line' id='line_1_7' title="bbox 861 861 1863 949; baseline -0.006 -20"><span class='ocrx_word' id='word_1_42' title='bbox 861 889 930 949; x_wconf 87' lang='lat' dir='ltr'><strong>p.</strong></span> <span class='ocrx_word' id='word_1_43' title='bbox 954 871 1095 948; x_wconf 78' lang='grc'><strong>405.</strong></span> <span class='ocrx_word' id='word_1_44' title='bbox 1135 887 1201 927; x_wconf 83' lang='lat' dir='ltr'><strong>n.</strong></span> <span class='ocrx_word' id='word_1_45' title='bbox 1233 882 1325 927; x_wconf 82' lang='lat'><strong>12.</strong></span> <span class='ocrx_word' id='word_1_46' title='bbox 1367 864 1599 924; x_wconf 81' lang='lat' dir='ltr'><strong><em>histor.</em></strong></span> <span class='ocrx_word' id='word_1_47' title='bbox 1631 885 1695 926; x_wconf 80' lang='lat' dir='ltr'><strong>n.</strong></span> <span class='ocrx_word' id='word_1_48' title='bbox 1720 861 1863 942; x_wconf 82' lang='lat'><strong>969.</strong></span> 
     </span>
    </p>

    <p class='ocr_par' dir='ltr' id='par_1_4' title="bbox 781 941 2243 1031">
     <span class='ocr_line' id='line_1_8' title="bbox 781 941 2243 1031; baseline -0.003 -19"><span class='ocrx_word' id='word_1_49' title='bbox 781 952 847 1013; x_wconf 86' lang='lat' dir='ltr'><strong>S.</strong></span> <span class='ocrx_word' id='word_1_50' title='bbox 887 967 1125 1031; x_wconf 88' lang='lat' dir='ltr'><strong>aspera</strong></span> <span class='ocrx_word' id='word_1_51' title='bbox 1159 952 1204 1021; x_wconf 76' lang='grc' dir='ltr'><strong><em>β</em></strong></span> <span class='ocrx_word' id='word_1_52' title='bbox 1242 943 1541 1005; x_wconf 79' lang='lat' dir='ltr'><strong>Decand.</strong></span> <span class='ocrx_word' id='word_1_53' title='bbox 1568 943 1655 1018; x_wconf 88' lang='lat' dir='ltr'><strong>fl.</strong></span> <span class='ocrx_word' id='word_1_54' title='bbox 1676 941 1925 1020; x_wconf 77' lang='lat' dir='ltr'><strong>franc.</strong></span> <span class='ocrx_word' id='word_1_55' title='bbox 1969 963 2033 1005; x_wconf 81' lang='lat' dir='ltr'><strong>n.</strong></span> <span class='ocrx_word' id='word_1_56' title='bbox 2066 941 2243 1012; x_wconf 85' lang='grc'><strong>5565.</strong></span> 
     </span>
    </p>

    <p class='ocr_par' dir='ltr' id='par_1_5' title="bbox 698 1024 2640 1672">
     <span class='ocr_line' id='line_1_9' title="bbox 698 1024 2640 1109; baseline -0.001 -16"><span class='ocrx_word' id='word_1_57' title='bbox 698 1033 876 1098; x_wconf 85' lang='lat' dir='ltr'><strong>Hah.</strong></span> <span class='ocrx_word' id='word_1_58' title='bbox 908 1029 982 1091; x_wconf 91' lang='lat' dir='ltr'><strong>in</strong></span> <span class='ocrx_word' id='word_1_59' title='bbox 1026 1026 1300 1109; x_wconf 87' lang='lat' dir='ltr'><strong>alpibus</strong></span> <span class='ocrx_word' id='word_1_60' title='bbox 1336 1024 1686 1085; x_wconf 78' lang='lat' dir='ltr'>altissimis</span> <span class='ocrx_word' id='word_1_61' title='bbox 1727 1024 1814 1084; x_wconf 88' lang='lat' dir='ltr'><strong>ad</strong></span> <span class='ocrx_word' id='word_1_62' title='bbox 1850 1025 2077 1106; x_wconf 91' lang='lat' dir='ltr'><strong>ipsum</strong></span> <span class='ocrx_word' id='word_1_63' title='bbox 2112 1027 2485 1092; x_wconf 86' lang='lat' dir='ltr'><strong>terminum</strong></span> <span class='ocrx_word' id='word_1_64' title='bbox 2530 1030 2640 1091; x_wconf 87' lang='lat' dir='ltr'><strong>ni-</strong></span> 
     </span>
     <span class='ocr_line' id='line_1_10' title="bbox 774 1103 2635 1191; baseline -0.001 -18"><span class='ocrx_word' id='word_1_65' title='bbox 774 1113 1000 1173; x_wconf 81' lang='lat' dir='ltr'><strong>valem</strong></span> <span class='ocrx_word' id='word_1_66' title='bbox 1023 1109 1100 1171; x_wconf 90' lang='lat' dir='ltr'><strong>in</strong></span> <span class='ocrx_word' id='word_1_67' title='bbox 1127 1105 1304 1168; x_wconf 82' lang='lat' dir='ltr'><strong>saxis</strong></span> <span class='ocrx_word' id='word_1_68' title='bbox 1331 1114 1643 1184; x_wconf 85' lang='lat' dir='ltr'><strong>terraque</strong></span> <span class='ocrx_word' id='word_1_69' title='bbox 1670 1103 1967 1166; x_wconf 82' lang='lat' dir='ltr'><strong>micacea</strong></span> <span class='ocrx_word' id='word_1_70' title='bbox 1987 1106 2164 1168; x_wconf 86' lang='lat' dir='ltr'><strong>sicca</strong></span> <span class='ocrx_word' id='word_1_71' title='bbox 2184 1111 2405 1172; x_wconf 81' lang='lat' dir='ltr'><strong>ventis</strong></span> <span class='ocrx_word' id='word_1_72' title='bbox 2430 1133 2635 1191; x_wconf 86' lang='lat' dir='ltr'><strong>quam</strong></span> 
     </span>
     <span class='ocr_line' id='line_1_11' title="bbox 777 1185 2637 1273; baseline -0.001 -18"><span class='ocrx_word' id='word_1_73' title='bbox 777 1192 1075 1255; x_wconf 77' lang='lat' dir='ltr'><strong>maxime</strong></span> <span class='ocrx_word' id='word_1_74' title='bbox 1123 1185 1429 1269; x_wconf 85' lang='lat' dir='ltr'><strong>exposita</strong></span> <span class='ocrx_word' id='word_1_75' title='bbox 1474 1186 1611 1273; x_wconf 66' lang='lat' dir='ltr'><strong>Ubi.</strong></span> <span class='ocrx_word' id='word_1_76' title='bbox 1642 1205 1890 1266; x_wconf 89' lang='lat' dir='ltr'><strong>parum</strong></span> <span class='ocrx_word' id='word_1_77' title='bbox 1933 1187 2115 1248; x_wconf 89' lang='lat' dir='ltr'><strong>nivis</strong></span> <span class='ocrx_word' id='word_1_78' title='bbox 2158 1190 2493 1254; x_wconf 83' lang='lat' dir='ltr'><strong>retinetur</strong></span> <span class='ocrx_word' id='word_1_79' title='bbox 2528 1194 2637 1253; x_wconf 87' lang='lat' dir='ltr'><strong>vel</strong></span> 
     </span>
     <span class='ocr_line' id='line_1_12' title="bbox 772 1265 2638 1357; baseline -0.001 -21"><span class='ocrx_word' id='word_1_80' title='bbox 772 1273 942 1335; x_wconf 86' lang='lat' dir='ltr'><strong>solis</strong></span> <span class='ocrx_word' id='word_1_81' title='bbox 991 1266 1206 1332; x_wconf 88' lang='lat' dir='ltr'><strong>radiis</strong></span> <span class='ocrx_word' id='word_1_82' title='bbox 1262 1267 1397 1329; x_wconf 87' lang='lat' dir='ltr'><strong>cito</strong></span> <span class='ocrx_word' id='word_1_83' title='bbox 1443 1266 1865 1348; x_wconf 82' lang='lat' dir='ltr'><strong>dispergitur</strong></span> <span class='ocrx_word' id='word_1_84' title='bbox 1910 1265 2339 1350; x_wconf 85' lang='lat' dir='ltr'><strong>frequenter,</strong></span> <span class='ocrx_word' id='word_1_85' title='bbox 2393 1294 2495 1334; x_wconf 85' lang='lat' dir='ltr'><strong>ex.</strong></span> <span class='ocrx_word' id='word_1_86' title='bbox 2537 1295 2638 1357; x_wconf 86' lang='lat' dir='ltr'><strong>gr.</strong></span> 
     </span>
     <span class='ocr_line' id='line_1_13' title="bbox 773 1341 2634 1433; baseline 0.001 -17"><span class='ocrx_word' id='word_1_87' title='bbox 773 1353 853 1416; x_wconf 88' lang='lat' dir='ltr'><strong>in</strong></span> <span class='ocrx_word' id='word_1_88' title='bbox 896 1341 1488 1414; x_wconf 78' lang='lat' dir='ltr'><strong>Rosshodenstock</strong></span> <span class='ocrx_word' id='word_1_89' title='bbox 1532 1350 1620 1408; x_wconf 87' lang='lat' dir='ltr'><strong>ad</strong></span> <span class='ocrx_word' id='word_1_90' title='bbox 1663 1347 2104 1410; x_wconf 85' lang='lat' dir='ltr'><strong>altitudinem</strong></span> <span class='ocrx_word' id='word_1_91' title='bbox 2146 1354 2303 1429; x_wconf 86' lang='lat'>8700</span> <span class='ocrx_word' id='word_1_92' title='bbox 2341 1357 2634 1433; x_wconf 84' lang='lat' dir='ltr'><strong>pedum,</strong></span> 
     </span>
     <span class='ocr_line' id='line_1_14' title="bbox 774 1429 2634 1514; baseline 0.001 -18"><span class='ocrx_word' id='word_1_93' title='bbox 774 1434 853 1496; x_wconf 89' lang='lat' dir='ltr'><strong>in</strong></span> <span class='ocrx_word' id='word_1_94' title='bbox 899 1430 1339 1495; x_wconf 87' lang='lat' dir='ltr'><strong>Gallenstock</strong></span> <span class='ocrx_word' id='word_1_95' title='bbox 1379 1448 1596 1507; x_wconf 90' lang='lat' dir='ltr'><strong>usque</strong></span> <span class='ocrx_word' id='word_1_96' title='bbox 1631 1432 1717 1489; x_wconf 89' lang='lat' dir='ltr'><strong>ad</strong></span> <span class='ocrx_word' id='word_1_97' title='bbox 1760 1432 2080 1510; x_wconf 87' lang='lat' dir='ltr'><strong>Furcam,</strong></span> <span class='ocrx_word' id='word_1_98' title='bbox 2125 1429 2202 1491; x_wconf 86' lang='lat' dir='ltr'><strong>in</strong></span> <span class='ocrx_word' id='word_1_99' title='bbox 2246 1435 2634 1514; x_wconf 84' lang='lat' dir='ltr'><strong>Isenstock‚</strong></span> 
     </span>
     <span class='ocr_line' id='line_1_15' title="bbox 773 1509 2635 1597; baseline 0 -21"><span class='ocrx_word' id='word_1_100' title='bbox 773 1518 861 1576; x_wconf 90' lang='lat' dir='ltr'><strong>ad</strong></span> <span class='ocrx_word' id='word_1_101' title='bbox 901 1510 1316 1575; x_wconf 87' lang='lat' dir='ltr'><strong>Rothestock</strong></span> <span class='ocrx_word' id='word_1_102' title='bbox 1350 1521 1418 1570; x_wconf 86' lang='lat' dir='ltr'><strong>et</strong></span> <span class='ocrx_word' id='word_1_103' title='bbox 1451 1509 1893 1572; x_wconf 86' lang='lat' dir='ltr'><strong>Wendistock</strong></span> <span class='ocrx_word' id='word_1_104' title='bbox 1937 1512 2635 1597; x_wconf 85' lang='lat' dir='ltr'><strong>Engelhergensium‚</strong></span> 
     </span>
     <span class='ocr_line' id='line_1_16' title="bbox 773 1590 2395 1672; baseline -0.001 -16"><span class='ocrx_word' id='word_1_105' title='bbox 773 1595 850 1656; x_wconf 91' lang='lat' dir='ltr'><strong>in</strong></span> <span class='ocrx_word' id='word_1_106' title='bbox 894 1592 1442 1655; x_wconf 83' lang='lat' dir='ltr'><strong>Krauchskamm</strong></span> <span class='ocrx_word' id='word_1_107' title='bbox 1488 1590 2022 1653; x_wconf 88' lang='lat' dir='ltr'><strong>Glaronensium</strong></span> <span class='ocrx_word' id='word_1_108' title='bbox 2063 1591 2395 1672; x_wconf 84' lang='lat' dir='ltr'><strong>alibique.</strong></span> 
     </span>
    </p>

    <p class='ocr_par' dir='ltr' id='par_1_6' title="bbox 692 1669 2636 1755">
     <span class='ocr_line' id='line_1_17' title="bbox 692 1669 2636 1755; baseline 0 -19"><span class='ocrx_word' id='word_1_109' title='bbox 692 1675 1000 1737; x_wconf 90' lang='lat' dir='ltr'><strong>Surculis</strong></span> <span class='ocrx_word' id='word_1_110' title='bbox 1034 1672 1177 1734; x_wconf 90' lang='lat' dir='ltr'><strong>suis</strong></span> <span class='ocrx_word' id='word_1_111' title='bbox 1214 1669 1510 1755; x_wconf 87' lang='lat' dir='ltr'><strong>turgidis</strong></span> <span class='ocrx_word' id='word_1_112' title='bbox 1540 1670 1862 1733; x_wconf 88' lang='lat' dir='ltr'><strong>teretibus</strong></span> <span class='ocrx_word' id='word_1_113' title='bbox 1896 1690 2124 1753; x_wconf 85' lang='lat' dir='ltr'><strong>presse</strong></span> <span class='ocrx_word' id='word_1_114' title='bbox 2160 1674 2354 1755; x_wconf 89' lang='lat' dir='ltr'><strong>repit.</strong></span> <span class='ocrx_word' id='word_1_115' title='bbox 2436 1675 2636 1737; x_wconf 84' lang='lat' dir='ltr'><strong>Folia</strong></span> 
     </span>
    </p>

    <p class='ocr_par' dir='ltr' id='par_1_7' title="bbox 615 1749 2630 1833">
     <span class='ocr_line' id='line_1_18' title="bbox 615 1749 2630 1833; baseline 0 -16"><span class='ocrx_word' id='word_1_116' title='bbox 615 1749 974 1817; x_wconf 80' lang='lat' dir='ltr'><strong>imbricata</strong></span> <span class='ocrx_word' id='word_1_117' title='bbox 1005 1755 1229 1815; x_wconf 89' lang='lat' dir='ltr'><strong>nullas</strong></span> <span class='ocrx_word' id='word_1_118' title='bbox 1261 1751 1639 1833; x_wconf 86' lang='lat' dir='ltr'><strong>gemmulas</strong></span> <span class='ocrx_word' id='word_1_119' title='bbox 1661 1750 1912 1813; x_wconf 85' lang='lat' dir='ltr'><strong>fovent.</strong></span> <span class='ocrx_word' id='word_1_120' title='bbox 1982 1753 2215 1814; x_wconf 89' lang='lat' dir='ltr'><strong>Caulis</strong></span> <span class='ocrx_word' id='word_1_121' title='bbox 2245 1756 2630 1818; x_wconf 85' lang='lat' dir='ltr'><strong>numerosis</strong></span> 
     </span>
    </p>
   </div>
   <div class='ocr_carea' id='block_1_4' title="bbox 612 1832 2742 1916">
    <p class='ocr_par' dir='ltr' id='par_1_8' title="bbox 612 1832 2742 1916">
     <span class='ocr_line' id='line_1_19' title="bbox 612 1832 2742 1916; baseline -0 -17"><span class='ocrx_word' id='word_1_122' title='bbox 612 1838 904 1900; x_wconf 82' lang='lat' dir='ltr'><strong>bracteis</strong></span> <span class='ocrx_word' id='word_1_123' title='bbox 966 1832 1303 1916; x_wconf 83' lang='lat' dir='ltr'><strong>adpressis</strong></span> <span class='ocrx_word' id='word_1_124' title='bbox 1365 1833 1733 1912; x_wconf 86' lang='lat' dir='ltr'><strong>praeditus,</strong></span> <span class='ocrx_word' id='word_1_125' title='bbox 1795 1834 2136 1894; x_wconf 87' lang='lat' dir='ltr'><strong>unissorus</strong></span> <span class='ocrx_word' id='word_1_126' title='bbox 2198 1837 2305 1895; x_wconf 85' lang='lat' dir='ltr'><strong>vel</strong></span> <span class='ocrx_word' id='word_1_127' title='bbox 2364 1846 2628 1898; x_wconf 87' lang='lat' dir='ltr'><strong>tantum</strong></span> <span class='ocrx_word' id='word_1_128' title='bbox 2727 1843 2742 1852; x_wconf 75' lang='grc'><strong>““</strong></span> 
     </span>
    </p>
   </div>
   <div class='ocr_carea' id='block_1_5' title="bbox 610 1914 2628 2238">
    <p class='ocr_par' dir='ltr' id='par_1_9' title="bbox 610 1914 2628 2075">
     <span class='ocr_line' id='line_1_20' title="bbox 610 1914 2628 2002; baseline 0 -24"><span class='ocrx_word' id='word_1_129' title='bbox 610 1917 978 2002; x_wconf 82' lang='lat' dir='ltr'><strong>vestigium</strong></span> <span class='ocrx_word' id='word_1_130' title='bbox 1018 1914 1214 1976; x_wconf 87' lang='lat' dir='ltr'><strong>alteri</strong></span> <span class='ocrx_word' id='word_1_131' title='bbox 1246 1915 1434 1974; x_wconf 88' lang='lat' dir='ltr'><strong>floris</strong></span> <span class='ocrx_word' id='word_1_132' title='bbox 1465 1932 1725 1994; x_wconf 81' lang='lat' dir='ltr'><strong>gerens.</strong></span> <span class='ocrx_word' id='word_1_133' title='bbox 1810 1915 1861 1972; x_wconf 91' lang='lat' dir='ltr'><strong>F</strong></span> <span class='ocrx_word' id='word_1_134' title='bbox 1863 1914 2041 1975; x_wconf 84' lang='lat' dir='ltr'><strong>lores</strong></span> <span class='ocrx_word' id='word_1_135' title='bbox 2070 1915 2359 1977; x_wconf 84' lang='lat' dir='ltr'><strong>omnino</strong></span> <span class='ocrx_word' id='word_1_136' title='bbox 2382 1916 2628 1998; x_wconf 83' lang='lat' dir='ltr'><strong>inferi,</strong></span> 
     </span>
     <span class='ocr_line' id='line_1_21' title="bbox 613 1993 1779 2075; baseline -0.003 -18"><span class='ocrx_word' id='word_1_137' title='bbox 613 2007 691 2057; x_wconf 89' lang='lat' dir='ltr'><strong>ut</strong></span> <span class='ocrx_word' id='word_1_138' title='bbox 733 1997 808 2059; x_wconf 86' lang='lat' dir='ltr'><strong>in</strong></span> <span class='ocrx_word' id='word_1_139' title='bbox 852 1996 1176 2057; x_wconf 86' lang='lat' dir='ltr'><strong>omnibus</strong></span> <span class='ocrx_word' id='word_1_140' title='bbox 1217 1993 1779 2075; x_wconf 82' lang='lat' dir='ltr'><strong>praecedentibuS.</strong></span> 
     </span>
    </p>

    <p class='ocr_par' dir='ltr' id='par_1_10' title="bbox 613 2073 2627 2238">
     <span class='ocr_line' id='line_1_22' title="bbox 692 2073 2627 2159; baseline -0.001 -20"><span class='ocrx_word' id='word_1_141' title='bbox 692 2081 777 2139; x_wconf 88' lang='lat' dir='ltr'><strong>In</strong></span> <span class='ocrx_word' id='word_1_142' title='bbox 826 2076 1276 2156; x_wconf 79' lang='lat' dir='ltr'><strong>,sequentibus</strong></span> <span class='ocrx_word' id='word_1_143' title='bbox 1331 2073 1687 2154; x_wconf 86' lang='lat' dir='ltr'><strong>speciebus</strong></span> <span class='ocrx_word' id='word_1_144' title='bbox 1744 2093 2024 2159; x_wconf 86' lang='lat' dir='ltr'><strong>germen</strong></span> <span class='ocrx_word' id='word_1_145' title='bbox 2082 2075 2239 2158; x_wconf 86' lang='lat' dir='ltr'><strong>plus</strong></span> <span class='ocrx_word' id='word_1_146' title='bbox 2309 2074 2627 2138; x_wconf 87' lang='lat' dir='ltr'><strong>minusve</strong></span> 
     </span>
     <span class='ocr_line' id='line_1_23' title="bbox 613 2156 1539 2238; baseline -0.008 -18"><span class='ocrx_word' id='word_1_147' title='bbox 613 2157 801 2223; x_wconf 85' lang='lat' dir='ltr'><strong>infra</strong></span> <span class='ocrx_word' id='word_1_148' title='bbox 842 2159 1079 2219; x_wconf 87' lang='lat' dir='ltr'><strong>florem</strong></span> <span class='ocrx_word' id='word_1_149' title='bbox 1119 2156 1539 2238; x_wconf 84' lang='lat' dir='ltr'><strong>protuberat.</strong></span> 
     </span>
    </p>
   </div>
   <div class='ocr_carea' id='block_1_6' title="bbox 601 2273 2710 3409">
    <p class='ocr_par' dir='ltr' id='par_1_11' title="bbox 610 2273 2625 2602">
     <span class='ocr_line' id='line_1_24' title="bbox 610 2273 2625 2360; baseline 0 -18"><span class='ocrx_word' id='word_1_150' title='bbox 610 2297 755 2360; x_wconf 77' lang='lat'><strong>441.</strong></span> <span class='ocrx_word' id='word_1_151' title='bbox 790 2278 1288 2342; x_wconf 83' lang='lat' dir='ltr'><strong>SAXIFRAGA</strong></span> <span class='ocrx_word' id='word_1_152' title='bbox 1353 2273 1743 2337; x_wconf 80' lang='lat' dir='ltr'><strong>aizoides</strong></span> <span class='ocrx_word' id='word_1_153' title='bbox 1799 2274 1988 2337; x_wconf 73' lang='lat' dir='ltr'><strong>Lirin.</strong></span> <span class='ocrx_word' id='word_1_154' title='bbox 2031 2296 2060 2338; x_wconf 79' lang='lat' dir='ltr'><strong>s</strong></span> <span class='ocrx_word' id='word_1_155' title='bbox 2112 2296 2210 2341; x_wconf 84' lang='lat' dir='ltr'><strong>ec.</strong></span> <span class='ocrx_word' id='word_1_156' title='bbox 2258 2278 2479 2359; x_wconf 82' lang='lat' dir='ltr'><strong>plant.</strong></span> <span class='ocrx_word' id='word_1_157' title='bbox 2525 2280 2625 2345; x_wconf 79' lang='lat' dir='ltr'><strong>ed.</strong></span> 
     </span>
     <span class='ocr_line' id='line_1_25' title="bbox 852 2355 2624 2439; baseline 0.002 -19"><span class='ocrx_word' id='word_1_158' title='bbox 852 2357 1092 2425; x_wconf 81' lang='lat' dir='ltr'><strong>Willd.</strong></span> <span class='ocrx_word' id='word_1_159' title='bbox 1132 2376 1189 2420; x_wconf 80' lang='lat'><strong>2.</strong></span> <span class='ocrx_word' id='word_1_160' title='bbox 1230 2378 1297 2438; x_wconf 82' lang='lat' dir='ltr'><strong>p.</strong></span> <span class='ocrx_word' id='word_1_161' title='bbox 1343 2355 1483 2421; x_wconf 83' lang='grc'><strong>650.</strong></span> <span class='ocrx_word' id='word_1_162' title='bbox 1534 2375 1706 2418; x_wconf 78' lang='lat' dir='ltr'><strong>svec.</strong></span> <span class='ocrx_word' id='word_1_163' title='bbox 1754 2377 1817 2415; x_wconf 81' lang='lat' dir='ltr'><strong>n.</strong></span> <span class='ocrx_word' id='word_1_164' title='bbox 1864 2361 1998 2435; x_wconf 87' lang='grc'><strong>571.</strong></span> <span class='ocrx_word' id='word_1_165' title='bbox 2087 2380 2340 2439; x_wconf 68' lang='lat' dir='ltr'><strong>oppon.</strong></span> <span class='ocrx_word' id='word_1_166' title='bbox 2381 2384 2444 2422; x_wconf 85' lang='lat' dir='ltr'><strong>n.</strong></span> <span class='ocrx_word' id='word_1_167' title='bbox 2492 2365 2624 2439; x_wconf 88' lang='grc'><strong>178.</strong></span> 
     </span>
     <span class='ocr_line' id='line_1_26' title="bbox 847 2434 2620 2519; baseline 0.001 -18"><span class='ocrx_word' id='word_1_168' title='bbox 847 2437 1211 2519; x_wconf 77' lang='lat' dir='ltr'><strong>Sternberg</strong></span> <span class='ocrx_word' id='word_1_169' title='bbox 1249 2436 1501 2515; x_wconf 82' lang='lat' dir='ltr'><strong>saxifr.</strong></span> <span class='ocrx_word' id='word_1_170' title='bbox 1559 2458 1628 2516; x_wconf 85' lang='lat' dir='ltr'><strong>p.</strong></span> <span class='ocrx_word' id='word_1_171' title='bbox 1670 2434 1768 2503; x_wconf 83' lang='lat'><strong>25.</strong></span> <span class='ocrx_word' id='word_1_172' title='bbox 1827 2445 1874 2499; x_wconf 82' lang='lat' dir='ltr'><strong>t.</strong></span> <span class='ocrx_word' id='word_1_173' title='bbox 1917 2441 1974 2501; x_wconf 85' lang='grc'><strong>8.</strong></span> <span class='ocrx_word' id='word_1_174' title='bbox 2016 2438 2088 2517; x_wconf 83' lang='lat' dir='ltr'><strong>f.</strong></span> <span class='ocrx_word' id='word_1_175' title='bbox 2130 2458 2180 2501; x_wconf 91' lang='lat'><strong>1.</strong></span> <span class='ocrx_word' id='word_1_176' title='bbox 2265 2440 2620 2505; x_wconf 79' lang='lat' dir='ltr'><strong>Wahlenb.</strong></span> 
     </span>
     <span class='ocr_line' id='line_1_27' title="bbox 851 2516 2476 2602; baseline 0.001 -21"><span class='ocrx_word' id='word_1_177' title='bbox 851 2521 1134 2600; x_wconf 81' lang='lat' dir='ltr'><strong>lappon.</strong></span> <span class='ocrx_word' id='word_1_178' title='bbox 1158 2539 1247 2599; x_wconf 82' lang='lat' dir='ltr'><strong>p.</strong></span> <span class='ocrx_word' id='word_1_179' title='bbox 1294 2518 1425 2584; x_wconf 84' lang='lat'><strong>115.</strong></span> <span class='ocrx_word' id='word_1_180' title='bbox 1484 2516 1804 2581; x_wconf 81' lang='lat' dir='ltr'><strong>·Decaml.</strong></span> <span class='ocrx_word' id='word_1_181' title='bbox 1820 2519 1906 2596; x_wconf 86' lang='lat' dir='ltr'><strong>st.</strong></span> <span class='ocrx_word' id='word_1_182' title='bbox 1921 2517 2168 2596; x_wconf 82' lang='lat' dir='ltr'><strong>franc.</strong></span> <span class='ocrx_word' id='word_1_183' title='bbox 2201 2542 2266 2581; x_wconf 72' lang='grc' dir='ltr'><strong>τι.</strong></span> <span class='ocrx_word' id='word_1_184' title='bbox 2297 2518 2476 2602; x_wconf 89' lang='grc'><strong>5569.</strong></span> 
     </span>
    </p>

    <p class='ocr_par' dir='ltr' id='par_1_12' title="bbox 770 2598 2710 2760">
     <span class='ocr_line' id='line_1_28' title="bbox 770 2598 2621 2682; baseline 0.001 -19"><span class='ocrx_word' id='word_1_185' title='bbox 770 2603 837 2664; x_wconf 87' lang='lat' dir='ltr'><strong>S.</strong></span> <span class='ocrx_word' id='word_1_186' title='bbox 865 2599 1285 2662; x_wconf 88' lang='lat' dir='ltr'><strong>autumnalis</strong></span> <span class='ocrx_word' id='word_1_187' title='bbox 1314 2598 1598 2680; x_wconf 85' lang='lat' dir='ltr'><strong>Scopol.</strong></span> <span class='ocrx_word' id='word_1_188' title='bbox 1637 2618 1824 2659; x_wconf 81' lang='lat' dir='ltr'><strong>carn.</strong></span> <span class='ocrx_word' id='word_1_189' title='bbox 1854 2621 1918 2660; x_wconf 85' lang='lat' dir='ltr'><strong>n.</strong></span> <span class='ocrx_word' id='word_1_190' title='bbox 1956 2601 2096 2680; x_wconf 71' lang='grc'><strong>495.</strong></span> <span class='ocrx_word' id='word_1_191' title='bbox 2132 2610 2180 2660; x_wconf 84' lang='lat' dir='ltr'><strong>t.</strong></span> <span class='ocrx_word' id='word_1_192' title='bbox 2208 2603 2301 2682; x_wconf 71' lang='grc'><strong>14.</strong></span> <span class='ocrx_word' id='word_1_193' title='bbox 2336 2602 2621 2667; x_wconf 84' lang='lat' dir='ltr'><strong>Haller.</strong></span> 
     </span>
     <span class='ocr_line' id='line_1_29' title="bbox 849 2681 2710 2760; baseline 0 -16"><span class='ocrx_word' id='word_1_194' title='bbox 849 2702 1070 2744; x_wconf 82' lang='lat' dir='ltr'><strong>enum.</strong></span> <span class='ocrx_word' id='word_1_195' title='bbox 1098 2700 1165 2760; x_wconf 88' lang='lat' dir='ltr'><strong>p.</strong></span> <span class='ocrx_word' id='word_1_196' title='bbox 1197 2682 1334 2759; x_wconf 71' lang='lat'><strong>3992</strong></span> <span class='ocrx_word' id='word_1_197' title='bbox 1374 2702 1441 2742; x_wconf 81' lang='grc' dir='ltr'><strong>η.</strong></span> <span class='ocrx_word' id='word_1_198' title='bbox 1483 2699 1535 2742; x_wconf 83' lang='grc'><strong>1.</strong></span> <span class='ocrx_word' id='word_1_199' title='bbox 1577 2681 1810 2740; x_wconf 79' lang='lat' dir='ltr'><strong>histor.</strong></span> <span class='ocrx_word' id='word_1_200' title='bbox 1850 2701 1912 2740; x_wconf 79' lang='lat' dir='ltr'><strong>n.</strong></span> <span class='ocrx_word' id='word_1_201' title='bbox 1938 2696 2075 2760; x_wconf 88' lang='grc'><strong>971.</strong></span> <span class='ocrx_word' id='word_1_202' title='bbox 2118 2708 2177 2744; x_wconf 80' lang='grc' dir='ltr'><strong>α.</strong></span> <span class='ocrx_word' id='word_1_203' title='bbox 2701 2746 2710 2755; x_wconf 74' lang='grc'><strong>,</strong></span> 
     </span>
    </p>

    <p class='ocr_par' dir='ltr' id='par_1_13' title="bbox 601 2760 2631 3329">
     <span class='ocr_line' id='line_1_30' title="bbox 601 2760 2631 2844; baseline 0.001 -20"><span class='ocrx_word' id='word_1_204' title='bbox 601 2826 605 2832; x_wconf 72' lang='grc'><strong>,</strong></span> <span class='ocrx_word' id='word_1_205' title='bbox 685 2764 865 2826; x_wconf 78' lang='lat' dir='ltr'><strong>Hah.</strong></span> <span class='ocrx_word' id='word_1_206' title='bbox 905 2763 1073 2824; x_wconf 89' lang='lat' dir='ltr'><strong>locis</strong></span> <span class='ocrx_word' id='word_1_207' title='bbox 1112 2761 1415 2842; x_wconf 85' lang='lat' dir='ltr'><strong>irrigatis</strong></span> <span class='ocrx_word' id='word_1_208' title='bbox 1459 2760 1826 2844; x_wconf 85' lang='lat' dir='ltr'><strong>uliginosis</strong></span> <span class='ocrx_word' id='word_1_209' title='bbox 1869 2761 1946 2821; x_wconf 87' lang='lat' dir='ltr'><strong>in</strong></span> <span class='ocrx_word' id='word_1_210' title='bbox 1988 2760 2339 2825; x_wconf 89' lang='lat' dir='ltr'><strong>montibus</strong></span> <span class='ocrx_word' id='word_1_211' title='bbox 2396 2765 2631 2826; x_wconf 87' lang='lat' dir='ltr'><strong>subal-</strong></span> 
     </span>
     <span class='ocr_line' id='line_1_31' title="bbox 764 2841 2623 2926; baseline 0.002 -22"><span class='ocrx_word' id='word_1_212' title='bbox 764 2842 952 2925; x_wconf 85' lang='lat' dir='ltr'><strong>pinis</strong></span> <span class='ocrx_word' id='word_1_213' title='bbox 994 2861 1204 2923; x_wconf 86' lang='lat' dir='ltr'><strong>supra</strong></span> <span class='ocrx_word' id='word_1_214' title='bbox 1241 2841 1613 2904; x_wconf 85' lang='lat' dir='ltr'><strong>terminum</strong></span> <span class='ocrx_word' id='word_1_215' title='bbox 1664 2841 1832 2926; x_wconf 87' lang='lat' dir='ltr'><strong>Fagi</strong></span> <span class='ocrx_word' id='word_1_216' title='bbox 1870 2861 2116 2923; x_wconf 85' lang='lat' dir='ltr'><strong>parum</strong></span> <span class='ocrx_word' id='word_1_217' title='bbox 2168 2845 2479 2923; x_wconf 83' lang='lat' dir='ltr'><strong>elevatis,</strong></span> <span class='ocrx_word' id='word_1_218' title='bbox 2521 2866 2623 2907; x_wconf 85' lang='lat' dir='ltr'><strong>ex.</strong></span> 
     </span>
     <span class='ocr_line' id='line_1_32' title="bbox 768 2923 2624 3007; baseline 0.002 -24"><span class='ocrx_word' id='word_1_219' title='bbox 768 2945 871 3007; x_wconf 87' lang='lat' dir='ltr'><strong>gr.</strong></span> <span class='ocrx_word' id='word_1_220' title='bbox 922 2923 1237 3003; x_wconf 87' lang='lat' dir='ltr'><strong>Hochalp</strong></span> <span class='ocrx_word' id='word_1_221' title='bbox 1299 2923 2046 3001; x_wconf 84' lang='lat' dir='ltr'><strong>Abbatiscellanorum‚</strong></span> <span class='ocrx_word' id='word_1_222' title='bbox 2100 2935 2166 2985; x_wconf 92' lang='lat' dir='ltr'><strong>et</strong></span> <span class='ocrx_word' id='word_1_223' title='bbox 2216 2925 2289 2985; x_wconf 88' lang='lat' dir='ltr'><strong>in</strong></span> <span class='ocrx_word' id='word_1_224' title='bbox 2344 2926 2624 3006; x_wconf 85' lang='lat' dir='ltr'><strong>alpibus</strong></span> 
     </span>
     <span class='ocr_line' id='line_1_33' title="bbox 759 3002 2618 3087; baseline 0.001 -22"><span class='ocrx_word' id='word_1_225' title='bbox 759 3004 1107 3086; x_wconf 60' lang='lat' dir='ltr'><strong>praecipue</strong></span> <span class='ocrx_word' id='word_1_226' title='bbox 1189 3003 1637 3065; x_wconf 86' lang='lat' dir='ltr'><strong>inferioribus</strong></span> <span class='ocrx_word' id='word_1_227' title='bbox 1707 3002 1967 3082; x_wconf 86' lang='lat' dir='ltr'><strong>ubique</strong></span> <span class='ocrx_word' id='word_1_228' title='bbox 2033 3005 2305 3087; x_wconf 88' lang='lat' dir='ltr'><strong>copiose</strong></span> <span class='ocrx_word' id='word_1_229' title='bbox 2335 3049 2354 3083; x_wconf 89' lang='lat'>,</span> <span class='ocrx_word' id='word_1_230' title='bbox 2435 3010 2618 3067; x_wconf 83' lang='lat' dir='ltr'><strong>unde</strong></span> 
     </span>
     <span class='ocr_line' id='line_1_34' title="bbox 764 3081 2626 3179; baseline 0.002 -34"><span class='ocrx_word' id='word_1_231' title='bbox 764 3085 972 3145; x_wconf 86' lang='lat' dir='ltr'><strong>etiam</strong></span> <span class='ocrx_word' id='word_1_232' title='bbox 1017 3085 1365 3146; x_wconf 88' lang='lat' dir='ltr'><strong>descendit</strong></span> <span class='ocrx_word' id='word_1_233' title='bbox 1409 3086 1495 3145; x_wconf 88' lang='lat' dir='ltr'><strong>ad</strong></span> <span class='ocrx_word' id='word_1_234' title='bbox 1542 3081 1799 3145; x_wconf 87' lang='lat' dir='ltr'><strong>radices</strong></span> <span class='ocrx_word' id='word_1_235' title='bbox 1852 3085 2117 3166; x_wconf 85' lang='lat' dir='ltr'><strong>alpium</strong></span> <span class='ocrx_word' id='word_1_236' title='bbox 2171 3106 2386 3179; x_wconf 77' lang='lat' dir='ltr'><strong>usque</strong></span> <span class='ocrx_word' id='word_1_237' title='bbox 2444 3087 2626 3150; x_wconf 85' lang='lat' dir='ltr'><strong>inter</strong></span> 
     </span>
     <span class='ocr_line' id='line_1_35' title="bbox 762 3163 2627 3247; baseline 0.002 -21"><span class='ocrx_word' id='word_1_238' title='bbox 762 3167 797 3226; x_wconf 83' lang='lat' dir='ltr'><strong>J</strong></span> <span class='ocrx_word' id='word_1_239' title='bbox 810 3166 1140 3247; x_wconf 85' lang='lat' dir='ltr'><strong>uglandes</strong></span> <span class='ocrx_word' id='word_1_240' title='bbox 1168 3165 1443 3246; x_wconf 88' lang='lat' dir='ltr'><strong>passim.</strong></span> <span class='ocrx_word' id='word_1_241' title='bbox 1526 3163 1897 3226; x_wconf 86' lang='lat' dir='ltr'><strong>Rarissime</strong></span> <span class='ocrx_word' id='word_1_242' title='bbox 1935 3167 2228 3228; x_wconf 86' lang='lat' dir='ltr'><strong>occurrit</strong></span> <span class='ocrx_word' id='word_1_243' title='bbox 2259 3188 2335 3227; x_wconf 83' lang='lat' dir='ltr'><strong>m</strong></span> <span class='ocrx_word' id='word_1_244' title='bbox 2366 3169 2627 3229; x_wconf 84' lang='lat' dir='ltr'><strong>monti-</strong></span> 
     </span>
     <span class='ocr_line' id='line_1_36' title="bbox 761 3245 2623 3329; baseline 0.002 -23"><span class='ocrx_word' id='word_1_245' title='bbox 761 3248 894 3307; x_wconf 84' lang='lat' dir='ltr'><strong>bus</strong></span> <span class='ocrx_word' id='word_1_246' title='bbox 937 3265 1150 3327; x_wconf 88' lang='lat' dir='ltr'><strong>supra</strong></span> <span class='ocrx_word' id='word_1_247' title='bbox 1193 3245 1564 3305; x_wconf 86' lang='lat' dir='ltr'><strong>terminum</strong></span> <span class='ocrx_word' id='word_1_248' title='bbox 1602 3246 1971 3329; x_wconf 81' lang='lat' dir='ltr'><strong>Juglandis</strong></span> <span class='ocrx_word' id='word_1_249' title='bbox 2013 3268 2259 3328; x_wconf 86' lang='lat' dir='ltr'><strong>parum</strong></span> <span class='ocrx_word' id='word_1_250' title='bbox 2306 3248 2623 3329; x_wconf 76' lang='lat' dir='ltr'><strong>elevatiS,</strong></span> 
     </span>
    </p>

    <p class='ocr_par' dir='ltr' id='par_1_14' title="bbox 763 3325 2567 3409">
     <span class='ocr_line' id='line_1_37' title="bbox 763 3325 2567 3409; baseline 0.002 -22"><span class='ocrx_word' id='word_1_251' title='bbox 763 3346 865 3387; x_wconf 84' lang='lat' dir='ltr'><strong>ex.</strong></span> <span class='ocrx_word' id='word_1_252' title='bbox 907 3345 1008 3407; x_wconf 83' lang='lat' dir='ltr'><strong>gr.</strong></span> <span class='ocrx_word' id='word_1_253' title='bbox 1053 3325 1128 3387; x_wconf 90' lang='grc'><strong>111</strong></span> <span class='ocrx_word' id='word_1_254' title='bbox 1169 3325 1487 3409; x_wconf 79' lang='lat' dir='ltr'><strong>Utliberg</strong></span> <span class='ocrx_word' id='word_1_255' title='bbox 1527 3325 1734 3386; x_wconf 88' lang='lat' dir='ltr'><strong>unico</strong></span> <span class='ocrx_word' id='word_1_256' title='bbox 1775 3328 1928 3387; x_wconf 86' lang='lat' dir='ltr'><strong>loco</strong></span> <span class='ocrx_word' id='word_1_257' title='bbox 1972 3349 2127 3388; x_wconf 89' lang='lat' dir='ltr'><strong>cum</strong></span> <span class='ocrx_word' id='word_1_258' title='bbox 2168 3328 2236 3388; x_wconf 83' lang='lat' dir='ltr'><strong>S.</strong></span> <span class='ocrx_word' id='word_1_259' title='bbox 2270 3337 2567 3390; x_wconf 75' lang='lat' dir='ltr'><strong>mutato.</strong></span> 
     </span>
    </p>
   </div>
   <div class='ocr_carea' id='block_1_7' title="bbox 602 3440 2626 4092">
    <p class='ocr_par' dir='ltr' id='par_1_15' title="bbox 602 3440 2618 3605">
     <span class='ocr_line' id='line_1_38' title="bbox 602 3440 2618 3523; baseline 0.003 -22"><span class='ocrx_word' id='word_1_260' title='bbox 602 3457 742 3518; x_wconf 75' lang='lat'><strong>442.</strong></span> <span class='ocrx_word' id='word_1_261' title='bbox 780 3442 1280 3503; x_wconf 85' lang='lat' dir='ltr'><strong>SAXIFRAGA</strong></span> <span class='ocrx_word' id='word_1_262' title='bbox 1323 3460 1361 3500; x_wconf 88' lang='lat' dir='ltr'><strong>c</strong></span> <span class='ocrx_word' id='word_1_263' title='bbox 1382 3463 1431 3500; x_wconf 88' lang='lat' dir='ltr'><em>oe</em></span> <span class='ocrx_word' id='word_1_264' title='bbox 1450 3460 1480 3500; x_wconf 81' lang='lat' dir='ltr'><strong>s</strong></span> <span class='ocrx_word' id='word_1_265' title='bbox 1498 3441 1582 3500; x_wconf 85' lang='grc' dir='ltr'><strong>ἰα</strong></span> <span class='ocrx_word' id='word_1_266' title='bbox 1608 3440 1794 3502; x_wconf 78' lang='lat' dir='ltr'><strong>Linn.</strong></span> <span class='ocrx_word' id='word_1_267' title='bbox 1813 3462 1990 3521; x_wconf 82' lang='lat' dir='ltr'><strong>spec.</strong></span> <span class='ocrx_word' id='word_1_268' title='bbox 2004 3443 2225 3523; x_wconf 73' lang='lat' dir='ltr'><strong>plant.</strong></span> <span class='ocrx_word' id='word_1_269' title='bbox 2250 3442 2351 3504; x_wconf 80' lang='lat' dir='ltr'><strong>ed.</strong></span> <span class='ocrx_word' id='word_1_270' title='bbox 2373 3444 2474 3505; x_wconf 87' lang='lat' dir='ltr'><em>W</em></span> <span class='ocrx_word' id='word_1_271' title='bbox 2469 3446 2618 3508; x_wconf 78' lang='lat' dir='ltr'><strong>illd.</strong></span> 
     </span>
     <span class='ocr_line' id='line_1_39' title="bbox 844 3522 2618 3605; baseline 0.005 -22"><span class='ocrx_word' id='word_1_272' title='bbox 844 3539 902 3584; x_wconf 80' lang='lat'><strong>2.</strong></span> <span class='ocrx_word' id='word_1_273' title='bbox 924 3542 994 3601; x_wconf 85' lang='lat' dir='ltr'><strong>p.</strong></span> <span class='ocrx_word' id='word_1_274' title='bbox 1021 3522 1159 3599; x_wconf 73' lang='grc'><strong>641.</strong></span> <span class='ocrx_word' id='word_1_275' title='bbox 1189 3522 1449 3602; x_wconf 79' lang='lat' dir='ltr'><strong>Jacqu.</strong></span> <span class='ocrx_word' id='word_1_276' title='bbox 1482 3530 1691 3582; x_wconf 81' lang='lat' dir='ltr'><strong>austr.</strong></span> <span class='ocrx_word' id='word_1_277' title='bbox 1727 3524 1787 3600; x_wconf 64' lang='grc' dir='ltr'><strong>[Ι.</strong></span> <span class='ocrx_word' id='word_1_278' title='bbox 1833 3532 1878 3583; x_wconf 80' lang='lat' dir='ltr'><strong>t.</strong></span> <span class='ocrx_word' id='word_1_279' title='bbox 1911 3527 2045 3605; x_wconf 72' lang='grc'><strong>574.</strong></span> <span class='ocrx_word' id='word_1_280' title='bbox 2080 3525 2359 3586; x_wconf 83' lang='lat' dir='ltr'><strong>Haller.</strong></span> <span class='ocrx_word' id='word_1_281' title='bbox 2391 3547 2618 3592; x_wconf 82' lang='lat' dir='ltr'><strong>enum.</strong></span> 
     </span>
    </p>

    <p class='ocr_par' dir='ltr' id='par_1_16' title="bbox 680 3603 2626 4092">
     <span class='ocr_line' id='line_1_40' title="bbox 777 3603 2078 3682; baseline 0.005 -23"><span class='ocrx_word' id='word_1_282' title='bbox 777 3636 786 3659; x_wconf 67' lang='grc' dir='ltr'>ι</span> <span class='ocrx_word' id='word_1_283' title='bbox 838 3622 906 3681; x_wconf 84' lang='grc' dir='ltr'><strong>ρ.</strong></span> <span class='ocrx_word' id='word_1_284' title='bbox 934 3603 1074 3680; x_wconf 75' lang='grc'><strong>402.</strong></span> <span class='ocrx_word' id='word_1_285' title='bbox 1113 3624 1179 3663; x_wconf 79' lang='lat' dir='ltr'><strong>n.</strong></span> <span class='ocrx_word' id='word_1_286' title='bbox 1215 3620 1305 3664; x_wconf 88' lang='lat'><strong>10.</strong></span> <span class='ocrx_word' id='word_1_287' title='bbox 1346 3603 1581 3661; x_wconf 80' lang='lat' dir='ltr'><strong>histor.</strong></span> <span class='ocrx_word' id='word_1_288' title='bbox 1623 3623 1688 3662; x_wconf 83' lang='grc' dir='ltr'><strong>η.</strong></span> <span class='ocrx_word' id='word_1_289' title='bbox 1726 3609 1865 3682; x_wconf 75' lang='grc'><strong>982.</strong></span> <span class='ocrx_word' id='word_1_290' title='bbox 2069 3636 2078 3645; x_wconf 93' lang='grc'>-</span> 
     </span>
     <span class='ocr_line' id='line_1_41' title="bbox 680 3680 2625 3769; baseline 0.002 -23"><span class='ocrx_word' id='word_1_291' title='bbox 680 3683 859 3746; x_wconf 79' lang='lat' dir='ltr'><strong>Hah.</strong></span> <span class='ocrx_word' id='word_1_292' title='bbox 880 3682 952 3743; x_wconf 91' lang='lat' dir='ltr'><strong>in</strong></span> <span class='ocrx_word' id='word_1_293' title='bbox 979 3683 1279 3764; x_wconf 88' lang='lat' dir='ltr'><strong>scopulis</strong></span> <span class='ocrx_word' id='word_1_294' title='bbox 1309 3680 1572 3764; x_wconf 87' lang='lat' dir='ltr'><strong>alpium</strong></span> <span class='ocrx_word' id='word_1_295' title='bbox 1599 3682 1933 3744; x_wconf 83' lang='lat' dir='ltr'><strong>nivalium</strong></span> <span class='ocrx_word' id='word_1_296' title='bbox 1958 3682 2204 3764; x_wconf 85' lang='lat' dir='ltr'><strong>passim</strong></span> <span class='ocrx_word' id='word_1_297' title='bbox 2228 3707 2244 3747; x_wconf 80' lang='lat' dir='ltr'>t</span> <span class='ocrx_word' id='word_1_298' title='bbox 2284 3706 2387 3747; x_wconf 84' lang='lat' dir='ltr'><strong>ex.</strong></span> <span class='ocrx_word' id='word_1_299' title='bbox 2410 3708 2512 3769; x_wconf 86' lang='lat' dir='ltr'><strong>gr.</strong></span> <span class='ocrx_word' id='word_1_300' title='bbox 2543 3686 2625 3749; x_wconf 87' lang='lat' dir='ltr'><strong>in</strong></span> 
     </span>
     <span class='ocr_line' id='line_1_42' title="bbox 756 3761 2623 3842; baseline 0.002 -18"><span class='ocrx_word' id='word_1_301' title='bbox 756 3766 809 3824; x_wconf 83' lang='lat' dir='ltr'><strong>F</strong></span> <span class='ocrx_word' id='word_1_302' title='bbox 818 3783 992 3824; x_wconf 80' lang='lat' dir='ltr'><strong>urcae</strong></span> <span class='ocrx_word' id='word_1_303' title='bbox 1042 3763 1381 3841; x_wconf 84' lang='lat' dir='ltr'><strong>culmine,</strong></span> <span class='ocrx_word' id='word_1_304' title='bbox 1425 3761 1502 3823; x_wconf 85' lang='lat' dir='ltr'><strong>in</strong></span> <span class='ocrx_word' id='word_1_305' title='bbox 1544 3765 1992 3841; x_wconf 75' lang='lat' dir='ltr'><strong>Hoch-Sentis</strong></span> <span class='ocrx_word' id='word_1_306' title='bbox 2038 3776 2106 3824; x_wconf 69' lang='lat' dir='ltr'><strong>et·</strong></span> <span class='ocrx_word' id='word_1_307' title='bbox 2142 3765 2623 3842; x_wconf 84' lang='lat' dir='ltr'><strong>adjacentibus</strong></span> 
     </span>
     <span class='ocr_line' id='line_1_43' title="bbox 696 3840 2626 3927; baseline 0.002 -23"><span class='ocrx_word' id='word_1_308' title='bbox 696 3864 701 3871; x_wconf 84' lang='grc'><em>·</em></span> <span class='ocrx_word' id='word_1_309' title='bbox 756 3842 1232 3905; x_wconf 87' lang='lat' dir='ltr'><strong>cacuminibus</strong></span> <span class='ocrx_word' id='word_1_310' title='bbox 1269 3840 1538 3924; x_wconf 89' lang='lat' dir='ltr'><strong>alpium</strong></span> <span class='ocrx_word' id='word_1_311' title='bbox 1563 3846 2274 3907; x_wconf 85' lang='lat' dir='ltr'><strong>Abbatiscellanorum</strong></span> <span class='ocrx_word' id='word_1_312' title='bbox 2305 3847 2626 3927; x_wconf 87' lang='lat' dir='ltr'><strong>copiose,</strong></span> 
     </span>
     <span class='ocr_line' id='line_1_44' title="bbox 759 3924 2624 4008; baseline 0.003 -24"><span class='ocrx_word' id='word_1_313' title='bbox 759 3924 836 3984; x_wconf 90' lang='lat' dir='ltr'><strong>in</strong></span> <span class='ocrx_word' id='word_1_314' title='bbox 852 3926 1064 4003; x_wconf 86' lang='lat' dir='ltr'><strong>Speer</strong></span> <span class='ocrx_word' id='word_1_315' title='bbox 1080 3925 1824 4008; x_wconf 68' lang='lat' dir='ltr'><strong>‘roggenburgensium</strong></span> <span class='ocrx_word' id='word_1_316' title='bbox 1846 3925 2241 4007; x_wconf 82' lang='lat' dir='ltr'><strong>parcissime</strong></span> <span class='ocrx_word' id='word_1_317' title='bbox 2258 3949 2274 4004; x_wconf 83' lang='lat'><em>3</em></span> <span class='ocrx_word' id='word_1_318' title='bbox 2321 3940 2396 3989; x_wconf 87' lang='lat' dir='ltr'><strong>ut</strong></span> <span class='ocrx_word' id='word_1_319' title='bbox 2411 3928 2624 3989; x_wconf 87' lang='lat' dir='ltr'><strong>etiam</strong></span> 
     </span>
     <span class='ocr_line' id='line_1_45' title="bbox 752 4001 2626 4092; baseline 0.005 -30"><span class='ocrx_word' id='word_1_320' title='bbox 752 4004 829 4063; x_wconf 83' lang='lat' dir='ltr'><strong>in</strong></span> <span class='ocrx_word' id='word_1_321' title='bbox 895 4005 1205 4066; x_wconf 86' lang='lat' dir='ltr'><strong>convalle</strong></span> <span class='ocrx_word' id='word_1_322' title='bbox 1265 4001 1685 4086; x_wconf 85' lang='lat' dir='ltr'><strong>inferalpina</strong></span> <span class='ocrx_word' id='word_1_323' title='bbox 1733 4006 2106 4069; x_wconf 85' lang='lat' dir='ltr'><strong>Sandwald</strong></span> <span class='ocrx_word' id='word_1_324' title='bbox 2155 4008 2338 4070; x_wconf 87' lang='lat' dir='ltr'><strong>dicta</strong></span> <span class='ocrx_word' id='word_1_325' title='bbox 2399 4028 2626 4092; x_wconf 86' lang='lat' dir='ltr'><strong>prope</strong></span> 
     </span>
    </p>
   </div>
  </div>
 </body>
</html>
