2799 4642
997 258 1488 301 “²³0²'’
2153 273 2254 349 55
2371 267 2374 274 “

411 432 650 501 Cicuta
681 428 962 496 Haller.
999 433 1332 508 enum.'p.
1364 427 1504 509 454.
1528 449 1609 493 n.
1648 443 1702 491 1.
1741 428 1971 492 histor.
2011 450 2077 492 n.
2106 413 2247 509 766.
2320 404 2326 408 ’

317 518 499 579 Hah.
538 516 615 578 in
654 511 838 598 agris
878 520 999 574 etc.
1039 508 1360 594 planitiei
1402 504 1681 591 passim.

235 641 381 706 299.
417 614 812 686 SELINUM
876 617 1301 699 sylvestre
1365 615 1554 686 Linn.
1622 634 1802 694 spec.
1853 614 2075 695 plant.
2143 616 2242 679 ed.

480 699 720 766 Willd.
774 718 826 761 1.
867 720 935 779 ρ.
987 700 1160 780 1596.
1259 696 1471 760 Hall.
1522 716 1742 759 enum.
1781 716 1852 775 p.
1895 696 2033 776 445.
2074 719 2139 759 n.
2174 717 2242 761 ,1.

479 783 709 843 histor.
750 800 813 839 n.
852 795 992 859 799.
1779 795 1782 798 ·

313 863 500 929 Hah.
529 862 607 923 in
657 860 814 924 udis
859 856 1311 942 sylvestribus
1347 853 1555 921 etiam
1600 854 1948 919 montanis
1986 857 2247 939 passim

397 943 693 1025 copiose.

235 1055 387 1117 300.
417 1050 810 1114 SELINUM
887 1046 1285 1128 palustre
1355 1045 1550 1108 Linn.
1614 1061 1795 1123 spec.
1859 1041 2082 1123 plant.
2136 1040 2241 1105 ed.

478 1129 718 1195 Willd.
761 1148 815 1193 1.
855 1147 925 1208 p.
965 1131 1138 1208 1597.
1176 1146 1346 1191 svec.
1382 1147 1447 1187 n.
1482 1126 1621 1203 259.
1663 1122 1947 1203 lappon.
1993 1144 2059 1186 n.
2100 1140 2238 1187 100.

478 1211 685 1273 Hall.
708 1230 926 1272 enam.
952 1228 1020 1288 p.
1047 1209 1187 1288 445.
1226 1228 1292 1268 n.
1313 1208 1371 1272 5.
1410 1207 1642 1266 histor.
1681 1224 1748 1266 n.
1783 1208 1925 1267 800.

280 1307 283 1308 ’
316 1293 498 1356 Hab-
538 1291 615 1353 in
656 1290 1030 1373 paludosis,
1074 1308 1176 1350 ex.
1198 1309 1318 1371 gr.
1357 1287 1878 1348 ad·Katzensee.

233 1380 380 1440 301.
419 1372 972 1438 ΑΤΗΑΜΑΝΤΑ
1030 1367 1486 1430 Libanotis
1556 1365 1746 1427 Linn.
1789 1381 1973 1445 spec.
2015 1360 2237 1441 plant.

482 1452 581 1514 ecl.
611 1449 850 1515 Willd.
883 1468 936 1513 1.
975 1470 1043 1530 p.
1069 1450 1243 1527 1400.
1283 1467 1455 1510 svec.
1476 1468 1541 1507 n.
1564 1444 1706 1524 24b.

395 1531 750 1596 Libanotis
768 1531 1046 1594 Haller.
1067 1549 1283 1591 enam.
1309 1548 1378 1609 p.
1402 1525 1539 1606 451.
1568 1545 1635 1586 n.
1663 1534 1720 1587 ι’.
1738 1523 1972 1586 histor.
2010 1542 2076 1582 n.
2099 1517 2240 1603 744.

313 1613 495 1676 Hah.
533 1611 610 1675 in
651 1611 902 1695 apricis
941 1607 1284 1673 montium
1323 1606 1783 1670 humiliorum
1821 1602 2069 1664 rarius.

234 1715 380 1777 302.
421 1710 971 1774 ATHAMA-NTA
1045 1706 1469 1769 cretensis
1533 1703 1725 1765 Linn.
1780 1719 1963 1782 spec.
2020 1698 2241 1778 plant.

480 1789 580 1853 ed.
609 1788 866 1852 Willd.»
889 1806 940 1850 1.
979 1807 1047 1867 p.
1081 1788 1255 1867 1404.

403 1870 757 1934 Libanotis
780 1869 1057 1934 Haller.
1081 1888 1301 1930 enum.
1330 1888 1398 1947 p.
1420 1861 1560 1945 451.
1581 1887 1647 1926 n.
1669 1883 1726 1928 2.
1749 1863 1979 1923 histor.
2007 1882 2072 1920 n.
2100 1855 2239 1938 745.

245 1971 251 1976 ·
312 1953 493 2017 Hah.
520 1951 687 2014 locis
706 1948 993 2033 petrosis
1021 1956 1087 2011 et
1113 1946 1442 2031 glareosis
1467 1946 1544 2008 in
1573 1944 1855 2028 regione
1874 1938 2245 2020 subalpina
2296 1971 2299 1974 ι

304 2075 313 2085 1
393 2033 749 2115 superiore
772 2042 837 2092 et
857 2030 1092 2111 alpina
1113 2028 1447 2092 inferiore
1466 2045 1682 2105 usque
1704 2024 1794 2086 a'd
1814 2026 1975 2084 6600
1986 2023 2245 2103 pedum

399 2113 850 2175 elevationem
902 2110 1247 2193 praeci-pue
1289 2110 1365 2170 in
1411 2106 1685 2189 alpibus
1728 2101 1976 2165 mediae
2018 2099 2251 2162 altitu·

402 2192 590 2255 dinis
635 2204 710 2253 ut
748 2192 823 2252 in
867 2187 1454 2253 abbatiscellaneis
1496 2186 1853 2264 omnibus,
1895 2183 1973 2244 in
2024 2181 2248 2243 Pilato

399 2284 522 2336 etc.
563 2270 1071 2356 vulgatissime3
1110 2271 1299 2332 haud
1339 2286 1505 2329 vero
1550 2266 1627 2328 in
1675 2262 2029 2327 montibus
2079 2261 2248 2324 suh-

398 2352 656 2435 alpinis
699 2352 1038 2430 discreti8‚
1080 2372 1181 2413 ex.
1221 2371 1322 2435 gr.
1361 2345 1525 2428 Rigi
1564 2367 1715 2408 eam
1757 2341 2006 2426 reperi.

314 2433 585 2497 Foliola
625 2430 746 2493 filo
785 2433 896 2494 vel
928 2430 1206 2493 rachide
1243 2447 1370 2492 sua
1404 2428 1595 2489 haud
1628 2424 1895 2488 latiora.
1973 2416 2251 2483 Semina
2295 2427 2301 2430 ⁴

232 2514 581 2610 pediqello
625 2512 913 2597 proprio
966 2511 1257 2594 duplum
1298 2507 1651 2591 longiorax‘
1703 2504 1869 2588 pilis
1925 2498 2249 2564 tenuibus

188 2650 191 2653 .
231 2608 500 2665 erectis.

231 2709 379 2769 303.
419 2700 972 2767 ATHAMANTA
1009 2697 1062 2759 Ο
1078 2717 1158 2759 re
1177 2716 1218 2757 o
1233 2693 1513 2758 selina
1529 2713 1601 2755 m
1622 2691 1813 2753 Linn.
1831 2707 2011 2768 spec.
2026 2686 2248 2767 plant.

482 2780 849 2848 ed..WiIld.
883 2798 937 2843 1.
962 2798 1037 2858 p.
1065 2776 1240 2856 1405.
1278 2794 1450 2839 suec.
1477 2796 1546 2836 n.
1578 2789 1715 2850 241.
1743 2769 2000 2852 Jacqu.
2033 2775 2246 2829 austr.

399 2861 1014 3008 Seiilrln'ugglialler.
1038 2957 1257 3000 enum.
1291 2954 1360 3015 p.
1387 2931 1538 3012 444.
1558 2952 1624 2990 n.
1654 2926 1711 2996 5.
1754 2928 1986 2988 histor.
2018 2946 2083 2986 n.
2107 2927 2249 2990 ¹803.

320 3029 500 3090 Hah.
543 3025 618 3087 in
663 3020 913 3106 apricis
959 3017 1300 3081 montium
1334 3010 1794 3077 humiliorum
1836 3005 2111 3089 passim.

238 3114 385 3186 304.
425 3101 983 3169 ATHAMANTA
1022 3097 1425 3163 Cervaria
1463 3093 1653 3156 Linn.
1679 3108 1862 3169 spec.
1887 3087 2109 3167 plant.
2150 3082 2252 3148 ed.

485 3183 724 3250 Willd.
757 3202 812 3246 1.
851 3201 924 3262 p.
958 3180 1131 3260 1401.
1163 3177 1419 3259 Jacqm.
1452 3181 1661 3236 austr.
1706 3178 1751 3230 t.
1788 3169 1888 3247 69.

394 3267 706 3332 Selinum
734 3262 1018 3327 Haller.
1041 3279 1259 3322 enum.
1288 3276 1358 3337 p.
1381 3257 1522 3335 444.
1563 3274 1628 3315 n.
1657 3251 1722 3330 4.
1758 3250 1991 3310 histor.
2021 3268 2090 3307 n.
2112 3244 2254 3322 804.

317 3350 500 3414 Hah.
525 3347 604 3410 in
638 3342 932 3408 collibus
958 3338 1346 3402 siccissimis
1369 3334 1619 3418 apricis
1653 3327 1995 3393 montium
2030 3325 2263 3387 humi-

391 3429 674 3505 liorum,
697 3445 800 3485 ex.
815 3441 916 3505 gr.
948 3419 1024 3482 in
1043 3418 1358 3502 Utliberg
1385 3418 1473 3477 ad
1503 3411 1873 3477 terminum
1890 3412 1925 3472 J
1936 3404 2259 3491 uglandis

319 3509 521 3651 Foillieo
552 3514 1124 3660 aesstgr’ejusdem
1159 3576 1303 3642 fere
1342 3554 1586 3660 figurae
1621 3592 1703 3635 ac
1738 3569 1816 3632 in
1850 3564 2261 3648 Pimpinella
2325 3558 2343 3644 ⁷,

78 3732 89 3743 s
102 3668 127 3716 Ἀ
242 3666 672 3748 Saxifraga.

50 3744 77 3773 ,s

244 3779 391 3842 305.
435 3771 1043 3839 PEUCEDANUM
1098 3766 1397 3830 Silaus
1440 3760 1629 3824 Linn.
1677 3775 1857 3837 spec.
1894 3754 2113 3834 plant.
2158 3749 2258 3813 ed.

486 3851 725 3918 Willd.
759 3870 814 3916 1.
856 3873 924 3934 p.
959 3848 1136 3930 1406.
1213 3843 1495 3914 Haller.
1537 3852 1755 3907 enum.
1796 3854 1867 3918 p.
1913 3836 2056 3917 442.
2094 3854 2161 3895 n.
2204 3849 2259 3895 1.

488 3935 723 3998 histor.
765 3955 832 3996 n.
869 3947 1019 4012 797.
1401 4000 1404 4005 ἱ

326 4017 503 4098 Hah.
541 4015 619 4081 in
663 4015 818 4082 udis
854 4004 1172 4097 planitiei
1216 4000 1513 4091 passim..
