2799 4642
448 312 455 320 “
542 319 740 378 va1

541 480 750 546 modo
772 473 1005 538 tabula
1026 480 1261 553 nostra
1279 467 1687 536 nominibus
1705 465 2003 531 nimium
2022 464 2577 545 orbatavidetur,

531 563 657 629 sed
686 578 843 621 cum
877 557 1118 617 eodem
1153 570 1464 615 successu
1505 570 1585 611 ea
1614 550 1717 629 uti
1745 548 1925 612 licet.
1964 582 2048 597 --
2086 550 2271 610 Sunt·
2295 561 2581 629 quoque

534 644 793 729 plantae
824 637 902 699 in
936 634 1215 717 alpibus
1241 630 1610 695 altioribus
1640 632 1961 693 latiorem
1990 629 2346 714 regionem
2379 649 2581 692 occu-

539 732 780 808 pantes
841 736 1050 799 quam
1113 715 1188 777 in
1249 713 1663 775 minoribus.
1748 714 1838 772 Ut
1891 709 2237 787 ejusmodi
2296 726 2580 790 quoque

540 800 932 884 exemplum
969 804 1260 859 exstaret
1293 794 1369 857 in
1407 794 1643 867 tabula
1672 801 1905 854 nostra
1940 790 2217 853 exaravi
2244 790 2579 853 terminos

537 883 699 952 Alni
730 879 955 945 viridis
975 920 992 954 ‚
1034 897 1188 957 quae
1224 873 1409 937 infra
1429 876 1785 936 Tawetsch
1827 872 2075 956 incipit
2108 882 2175 933 et
2208 874 2446 933 eadem
2476 872 2582 933 al-

542 963 842 1037 titudine
872 979 1091 1039 usque
1118 959 1208 1018 ad
1235 957 1554 1038 Hochalp
1582 953 1981 1033 deducitur,
2023 954 2211 1014 unde
2239 951 2582 1016 terminus

541 1047 690 1126 ejus
718 1041 1038 1125 superior
1063 1037 1318 1117 sensim
1348 1056 1583 1099 versus
1611 1037 1797 1117 alpes
1827 1033 2193 1121 interiores
2232 1035 2579 1112 elevatur,

541 1133 717 1192 adeo
752 1139 828 1186 ut
869 1119 1238 1184 terminum
1281 1117 1528 1179 abietis
1563 1116 1868 1198 primum
1911 1114 2456 1198 transgrediatur
2493 1112 2579 1175 in

539 1209 820 1294 alpibus
871 1197 1580 1283 Engelbergensibus‚
1623 1205 1691 1256 et
1733 1195 1897 1258 dein
1937 1195 2080 1257 fere
2127 1197 2217 1257 ad
2267 1194 2578 1277 Oberalp

543 1293 622 1353 in
651 1290 838 1370 alpes
869 1284 1088 1346 nudas
1112 1281 1503 1342 adscendan
1548 1279 1790 1340 Parem
1813 1277 1957 1338 fere
1984 1275 2339 1359 regionem
2367 1275 2580 1338 Larix

516 1373 798 1436 ‘habere
836 1364 1146 1433 videtur,
1186 1379 1343 1442 quae
1385 1359 1595 1421 etiam
1632 1360 1717 1419 ad
1756 1358 1946 1442 alpes
1985 1356 2401 1420 Sabaudicas
2437 1366 2580 1417 tam

537 1454 677 1515 alte
708 1444 1096 1522 adscendit,
1135 1460 1372 1505 versus
1397 1441 1588 1522 alpes
1616 1439 1984 1503 exteriores
2012 1439 2163 1500 loca
2192 1435 2580 1500 humiliora.

545 1542 811 1599 lantum
855 1527 1266 1605 frequentat.

620 1611 796 1692 (Hic
835 1607 1072 1670 tabula
1110 1603 1358 1665 litteris
1397 1599 1731 1684 impressa
1753 1595 2214 1678 adnectitur.)

542 1797 1023 1901 Dffrentia
1054 1794 1357 1892 reliqua
1387 1793 1597 1866 inter·
1611 1793 2177 1903 vegetationem
2183 1789 2583 1888 proecipue

644 1907 990 2004 alpinam
1026 1896 1396 1970 Helvetiae
1431 1908 1507 1978 ec
1538 1893 1957 1992 Lapponiae
2000 1905 2352 1990 respectu
2383 1916 2581 1989 pro-2

559 2038 571 2124 ss
640 1999 1076 2119 gressionis
1096 1998 1571 2102 plancarum
1592 2021 1871 2102 ‘versus
1904 1995 2134 2092 alpes.
2325 2000 2328 2003 ’

625 2177 687 2262 §-
730 2181 830 2242 ὅσ.
869 2179 970 2238 Ex
997 2172 1143 2252 jam
1186 2178 1346 2233 ante
1382 2167 1583 2232 dictis
1614 2167 1780 2231 satis
1814 2165 2280 2230 intelleximus
2308 2164 2585 2246 plantas

544 2264 820 2327 easdem
860 2255 1002 2318 alio
1043 2252 1288 2316 ordine
1328 2270 1567 2314 versus
1603 2251 1791 2333 alpes
1830 2249 2251 2310 adscendere·
2280 2245 2585 2329 in'Lap-
2651 2286 2676 2328 τ

548 2343 764 2429 ponia
801 2359 1008 2420 quam
1045 2336 1122 2398 in
1160 2332 1511 2411 Helvetia,
1551 2333 1662 2394 vel
1699 2330 1904 2393 clima
1937 2329 2387 2411 >lapponicum
2419 2329 2581 2389 aliis

547 2422 805 2508 plantis
841 2421 1069 2480 favere
1111 2434 1318 2495 quam
1356 2413 1564 2476 clima
1597 2413 1915 2493 alpinum
1946 2408 2301 2471 Helvetiae.
2367 2410 2581 2469 'Hanc

549 2500 1015 2569 differentiam
1047 2495 1338 2560 ulterius
1357 2493 1690 2577 prosequi
1710 2491 1859 2570 jam
1891 2492 2086 2552 lubet
2118 2497 2460 2570 quantum
2502 2489 2584 2550 in

550 2602 802 2671 genere
844 2578 1000 2641 fieri
1038 2585 1279 2659 potest.
2369 2575 2372 2578 “

632 2664 702 2746 I)
742 2662 998 2723 Planta·
1032 2661 1101 2719 in
1131 2657 1498 2735 Lapponz‘a
1525 2653 1770 2716 melius
1807 2656 2177 2713 crescentes
2215 2655 2379 2710 sunt
2414 2649 2586 2707 dua-

548 2765 710 2811 rum
750 2738 1336 2805 subdivisionum.

633 2824 727 2907 A)
770 2823 1025 2885 Plantoe
1070 2821 1140 2880 in
1179 2818 1546 2898 Lqpponia
1587 2814 1798 2875 altius
1839 2827 2075 2871 versus
2117 2807 2310 2890 alpes
2351 2808 2461 2868 vel
2502 2808 2582 2870 in

552 2907 744 2990 alpes
775 2898 1246 2965 adscendentes
1269 2916 1481 2979 quam
1516 2895 1592 2957 in
1623 2891 1938 2955 Helvetia
1965 2899 2128 2950 sunt
2161 2888 2265 2970 10)
2300 2883 2582 2951 Arbores

552 2988 786 3050 multa·
813 2981 1175 3065 frondosae
1216 2977 1587 3050 frondibus
1622 2971 2057 3036 tenuioribus
2093 2978 2161 3030 et
2195 2969 2584 3032 seminibus

551 3066 1050 3132 minutioribus
1095 3059 1446 3124 instructae
1492 3056 1840 3139 praecipue
1886 3071 1969 3113 ex
2014 3053 2586 3111 Amentacearum

559 3149 824 3212 ordine.
865 3145 1109 3207 Betula
1140 3142 1308 3202 alba
1335 3139 1412 3202 in
1435 3134 1796 3219 Lapponia
1819 3135 1905 3195 ad
1930 3133 2116 3212 alpes
2140 3132 2586 3209 adscendens,

553 3232 634 3294 in
651 3228 965 3292 Helvetia
985 3222 1333 3306 copiosius
1355 3238 1500 3281 non
1522 3215 1820 3280 occurrit
1841 3212 1980 3276 nisi
2003 3209 2189 3273 infra·
2207 3210 2585 3272 terminum

560 3310 825 3388 Gerasi,
869 3317 934 3368 et
963 3307 1074 3368 vel
1109 3302 1213 3366 ibi
1248 3312 1531 3385 parvam
1562 3305 1826 3359 tantum
1854 3296 2176 3355 arborem
2209 3290 2589 3354 constituit.

556 3388 761 3458 Alnus
810 3391 1066 3450 incant:
1114 3383 1306 3446 haud
1355 3393 1493 3443 tam
1547 3380 1684 3440 alte
1735 3376 1809 3438 in
1859 3372 2176 3437 Helvetia
2228 3372 2590 3435 adscendit

560 3477 796 3555 utpote
851 3488 997 3531 non
1055 3463 1457 3550 ingrediens
1517 3459 1876 3542 regionem
1931 3452 2408 3535 subalpinam‚
2464 3452 2590 3513 sed

561 3550 913 3616 descendit
952 3568 1034 3612 eo
1078 3545 1318 3628 magis.
1397 3538 1604 3604 Alnus
1634 3538 1990 3622 glutinosa
2020 3535 2093 3595 in
2122 3534 2358 3596 Svecia
2404 3535 2593 3595 ultra

559 3634 936 3697 terminum
974 3629 1208 3691 Gerasi
1239 3621 1723 3708 progrediens,
1766 3617 1842 3679 in
1871 3614 2187 3679 Helvetia
2228 3635 2383 3678 cum
2418 3618 2455 3675 J
2465 3633 2592 3696 ug·-

558 3716 768 3779 lande
796 3712 1206 3793 plerumque
1235 3703 1513 3769 desinit.
1552 3699 1866 3765 Betulam
1891 3711 2149 3759 nanum
2182 3696 2365 3758 inter
2395 3696 2590 3756 nives

559 3812 896 3880 perennes
940 3788 1314 3873 Lapponiae
1375 3803 1656 3848 omnem
1710 3778 1851 3842 fere
1905 3789 2158 3839 terram
2212 3786 2589 3858 tegentem,

560 3893 871 3957 quaerere
913 3879 1183 3954 oportet
1222 3869 1298 3931 in
1333 3863 1667 3927 Helvetiae
1706 3860 2081 3946 paludibus
2115 3854 2589 3932 inferioribus,

563 3958 753 4038 quod
783 3952 1041 4014 mirum
1071 3959 1250 4013 certe
1286 3946 1587 4010 videtur.
1646 3941 1952 4025 Populus
1987 3938 2286 4001 tremula
2319 3935 2590 4018 pumila

563 4034 801 4101 erescit
847 4044 915 4096 et
952 4025 1600 4116 parumpadscendit
1636 4024 1716 4089 in
1760 4020 2098 4087 Helvetia.
2180 4020 2439 4084 Omnes
2482 4016 2593 4079 hae
