2799 4642
1901 302 2184 356 LXXVII

151 465 560 527 transeunte
590 461 656 520 et
682 456 889 521 altius
911 454 1361 521 adscendente
1388 456 1464 519 in
1501 456 1751 522 Sveciae
1777 461 2188 542 septentrio·-

156 542 459 607 nalioris
496 540 945 618 interioribus
983 539 1406 623 regionibus.
1449 541 1662 601 Porro
1692 541 2070 626 reperimus
2108 543 2185 605 in

158 627 322 685 data
381 631 615 683 nostra
672 619 1001 701 empirica
1060 621 1488 700 expositione
1542 616 1635 701 (S.
1678 626 1843 701 73.)‚
1904 621 2184 686 frutices

154 702 502 765 fructibus
544 713 608 762 et
646 700 1027 762 seminibus
1057 698 1436 777 majoribus
1464 700 1786 780 praeditos
1814 700 1918 761 uti
1940 704 2187 766 Poma-

158 804 331 863 ceae,
374 781 725 844 Lonicerae
774 790 894 843 etc.
942 779 1147 842 altius
1202 782 1612 841 adscendere
1645 780 1736 854 in
1785 783 1972 863 alpes
2019 785 2191 845 Hel-

155 864 446 942 vennas,
489 872 555 923 et
589 862 737 939 jam
781 862 980 923 facile
1012 859 1436 943 intelligitur
1475 860 1571 922 eis
1611 864 1699 921 ad
1733 864 1878 924 haec
1917 865 2183 926 semina

158 945 577 1007 maturanda
608 942 1118 1004 diuturniorem
1148 951 1673 1021 temperaturam
1706 941 1919 1025 magis
1960 964 2185 1007 neees-

158 1024 416 1089 sariam
461 1042 603 1084 esse
646 1043 851 1102 quam
894 1042 994 1083 ex.
1032 1040 1133 1103 gr.
1152 1020 1510 1082 Salicibus.
1597 1021 1725 1084 Vix
1768 1023 2182 1105 dubitamus,

158 1106 340 1186 quin
376 1102 720 1184 quantitas
752 1113 1221 1184 temperaturae
1256 1100 1333 1165 in
1365 1102 1864 1184 vegetationem
1892 1101 2181 1168 efficacis

158 1194 353 1248 tanta
394 1183 484 1245 sit
522 1182 600 1243 in
641 1184 885 1245 Scania
912 1202 989 1243 ac
1023 1181 1294 1262 Turici,
1339 1184 1458 1241 sed
1495 1181 1569 1242 in
1611 1182 1853 1244 Scania
1890 1185 2006 1260 vix
2045 1196 2180 1247 tam

161 1264 289 1328 diu
332 1274 721 1360 permanet,
763 1264 1057 1342 ideoque
1086 1282 1232 1324 uvae
1273 1279 1417 1322 non
1454 1265 1858 1341 succedunt,
1901 1284 2052 1344 quae
2097 1287 2181 1329 ex

161 1345 490 1410 omnibus
546 1342 883 1427 fructibus
940 1341 1273 1425 europaeis
1326 1342 1668 1405 serissime
1728 1354 2180 1408 maturantur.

158 1426 519 1498 Abaltera
554 1433 744 1507 parte
784 1424 1145 1506 probabile
1187 1441 1463 1503 quoque
1498 1432 1605 1493 est,¹
1637 1424 1929 1485 calorem
1972 1424 2178 1487 illum

160 1502 382 1570 citius
407 1506 833 1566 accedentem
862 1501 1318 1585 necessarium
1352 1522 1492 1565 esse
1519 1504 1854 1565 Salicibus
1883 1505 2179 1586 aliisque

158 1582 590 1650 Amentaeeis
639 1581 1375 1646 herbaceo-frondosis
1410 1592 1476 1644 et
1530 1583 2182 1665 microspermis;·et

156 1668 314 1745 ejus
351 1664 683 1728 defectum
727 1664 806 1725 in
847 1663 1145 1725 maxima
1172 1664 1722 1745 parteHelvetiae
1758 1684 2032 1727 causam
2073 1665 2178 1728 di-

156 1757 413 1810 rectam
455 1743 777 1807 exhibere
818 1749 941 1807 eur
981 1744 1084 1806 ibi
1122 1763 1369 1827 parum
1410 1746 1792 1805 succedant.

238 1824 303 1909 ς.
346 1829 442 1889 86.
480 1829 581 1888 Ex
598 1824 707 1900 his
731 1825 1085 1901 omnibus,
1126 1833 1203 1885 ut
1221 1831 1389 1905 puto
1402 1867 1424 1917 2
1465 1825 1776 1903 sequitur
1795 1832 1931 1885 tam
1955 1844 2174 1904 quan-

155 1908 423 1971 titatem
462 1925 667 1986 quam
702 1906 1100 1986 qualitatem
1132 1903 1579 1989 vegetationis
1608 1907 1797 1983 quod
1838 1903 1925 1965 ad
1955 1905 2173 1966 maxi-

155 2009 341 2051 mam
384 1995 645 2071 partem
688 1988 1102 2046 resnondere
1136 1983 1502 2064 quantitati
1539 1992 1604 2044 et
1639 1983 2174 2047 modificationi-

154 2071 287 2132 bus
351 2078 412 2129 te
1027 2068 1159 2127 nde
1212 2066 1629 2147 dependere,
1684 2075 1888 2145 atque
1940 2064 2018 2126 in
2059 2066 2170 2128 his

154 2166 412 2213 causan
1022 2144 1339 2227 ipositam
1355 2164 1515 2207 esse.
1555 2147 1685 2207 Sed
1717 2155 2172 2228 temperatura

156 2230 412 2300 umbrae
1022 2226 1083 2287 'tn
1104 2228 1586 2287 thermometro
1617 2226 1997 2303 observant,
2027 2247 2170 2289 non

153 2311 305 2375 Sola
325 2309 403 2373 in
424 2336 920 2392 vegetauuneur
950 2316 1048 2368 est
1072 2302 1304 2368 efficax
1319 2351 1338 2385 ‚
1364 2326 1604 2367 verum
1629 2306 1703 2367 in
1725 2307 1852 2369 hac
1873 2306 2170 2368 multum

155 2410 439 2472 quoque
485 2389 665 2450 valet
711 2388 897 2450 calor
937 2386 1181 2449 solaris
1225 2385 1555 2464 directus3
1609 2385 1906 2466 ideoque
1959 2386 2168 2462 hujus

157 2471 623 2534 diversitatem
658 2467 733 2529 i³n
765 2468 1047 2530 diversis
1078 2466 1270 2528 terris
1300 2468 1710 2541 adumbrare
1748 2487 2015 2528 necesse
2049 2476 2168 2530 est.

155 2555 374 2615 Antea
396 2571 478 2613 au
489 2549 1142 2625 temobservationes
1167 2549 1248 2607 de
1276 2556 1726 2627 temperatura
1752 2558 1942 2610 terrae
1964 2547 2168 2609 factas

151 2650 544 2715 proponere
558 2628 788 2708 juvat,
832 2638 1063 2711 utpote
1086 2647 1237 2706 quae
1271 2635 1788 2707 temperaturam
1815 2626 1990 2688 acris
2017 2627 2172 2687 uni-

151 2714 487 2774 versalem
541 2731 581 2771 a
634 2711 857 2771 calore
904 2708 1116 2772 solari
1163 2708 1417 2768 'reflexo
1474 2725 1614 2767 non
1670 2708 2167 2787 dependentem

148 2793 356 2857 valde
397 2790 765 2866 illustrant,

734 2981 1100 3081 Temperet
1110 2994 1192 3052 tu
1200 3006 1293 3055 ra
1348 2992 1593 3054 terrae.

231 3127 294 3212 S.
336 3131 435 3210 87.
479 3132 713 3215 Quum
780 3129 1313 3212 compererimus
1375 3136 1898 3211 temperaturam
1967 3136 2162 3195 terrae

146 3223 336 3275 certa
386 3214 685 3292 quadam
738 3211 1188 3293 proportione
1239 3213 1653 3292 respondere
1694 3218 2164 3306 temperaturae

144 3293 332 3374 aeris
376 3291 453 3353 in
494 3311 763 3353 summo
796 3292 1259 3372 septentrione
1292 3292 1402 3374 θ’),
1447 3291 1616 3352 utile
1662 3309 1949 3353 ommno
2003 3313 2166 3355 cen-

142 3392 376 3435 semus
408 3372 821 3457 investigare
862 3383 1195 3452 quatenus
1229 3375 1373 3435 haec
1398 3372 1758 3455 proportio
1790 3374 2027 3433 eadem
2054 3373 2163 3433 vel

145 3456 419 3515 diversa
460 3453 553 3514 sit
594 3453 671 3515 in
720 3453 1052 3529 Helvetia.
1133 3455 1355 3515 Multo
1401 3465 1628 3514 autem
1666 3446 2018 3514 difficilius
2066 3461 2166 3516 est

180 3655 244 3729 ⁴¹)
284 3655 429 3707 ‘Vide
456 3655 570 3708 Cet.
598 3627 849 3708 Cither'ti
865 3653 1420 3724 Annal.derPhysik
1444 3659 1760 3722 1812.pag.
1792 3672 1814 3705 1
1831 3649 2057 3714 15-160.
2085 3679 2158 3692 —

302 3731 386 3782 Ad
402 3730 500 3782 has
515 3731 919 3782 observationes
935 3729 1299 3782 instituendas
1315 3729 1507 3779 eodem
1523 3727 1947 3780 Thermemetro
1963 3730 2162 3779 etiam-

297 3820 456 3857 nunc
501 3819 663 3866 utor‚
714 3821 826 3874 quo
872 3821 997 3856 usus
1041 3821 1165 3856 sum
1210 3809 1269 3854 in
1308 3804 1509 3857 Sveeia
1555 3817 1610 3854 et
1660 3804 1952 3872 Lapponia.
2029 3803 2162 3870 Ejus

299 3881 507 3938 scalam
530 3878 673 3930 bene
692 3878 896 3930 factam
927 3895 1035 3930 esse
1064 3893 1278 3948 semper
1302 3880 1645 3936 confirmavi;
1686 3891 1740 3928 et
1769 3873 1994 3927 eandem
2020 3888 2162 3926 tem-

296 3966 618 4080 εῖὶἰὲππι
640 3956 885 4026 corpori·
909 3951 1138 4006 humani
1166 3955 1330 4004 etiam
1363 3956 1426 4004 in
1455 3952 1704 4006 Helvetia
1733 3950 1978 4010 ostendit,
2004 3965 2067 4004 ue
2097 3953 2161 4002 in
