2799 4642
614 313 805 368 XCIV

610 477 701 536 ad
756 492 1029 536 omnem
1090 464 1362 532 nivium
1424 476 1492 533 et
1550 468 1974 554 grandinum
2031 478 2098 534 et
2160 479 2642 556 tempestatum

610 553 1018 617 violentiam
1084 552 1391 633 primum
1460 550 1933 614 sustinendam
1997 562 2064 613 et
2122 554 2645 618 moderandam.

614 639 891 719 Quanta
931 633 1137 695 etiam
1176 651 1349 710 opus
1387 629 1480 691 sit
1519 630 1872 711 rigiditate
1909 637 2220 715 exemplo
2263 635 2649 719 conspicuo

614 715 868 795 didici,
908 736 1061 776 cum
1106 710 1482 797 grandines
1516 713 1955 796 praeterlapso
1998 735 2230 777 mense
2261 718 2302 777 J
2310 716 2457 777 ulio
2490 717 2649 799 syl-'-

613 817 732 859 vas
793 794 1100 880 fagineas
1170 795 1255 853 ad
1314 791 1613 853 Pilatum
1672 813 1905 856 versus
1965 805 2337 857 torrentem
2397 796 2652 858 Klein-1·

611 879 964 942 Sc‘hlieren
999 877 1161 938 sitas
1198 892 1341 934 non
1378 882 1645 934 tantum
1677 872 1866 936 foliis
1905 894 2146 936 verum
2183 877 2390 939 etiam
2433 877 2650 939 ramis

613 958 1056 1041 spoliassent,
1112 957 1283 1017 adeo
1341 963 1417 1014 ut
1458 964 1790 1016 autumno
1839 954 2131 1016 omnino
2179 957 2547 1033 exsiccatael
2579 965 2651 1022 et

617 1043 971 1103 destructae
1013 1035 1501 1119 reperirentur.
1580 1036 1746 1096 Tale
1787 1034 1961 1115 quid
2001 1034 2079 1097 in
2108 1038 2485 1119 tranquilla
2519 1057 2652 1101 sua

616 1122 817 1204 sylva
855 1117 1169 1180 betulina
1209 1131 1571 1203 nunquam
1612 1113 1789 1178 vidit
1830 1118 2088 1199 Lappo.
2300 1155 2301 1158 =
2636 1129 2640 1135 ·

1016 1294 1352 1369 Siccitas
1404 1309 1480 1368 et
1531 1294 1955 1370 humiditas
2005 1296 2247 1372 aeris.

699 1455 759 1540 ς.
807 1458 940 1518 105.
982 1456 1356 1536 Perpetuus
1383 1451 1505 1517 ille
1535 1453 1679 1517 dies
1718 1476 1872 1518 cum
1911 1456 2138 1518 calore
2172 1452 2340 1519 solis
2375 1453 2651 1541 insigni

623 1540 883 1604 directo
899 1535 1181 1613 junctus
1203 1545 1267 1596 et
1284 1535 1546 1616 pluviis
1574 1535 1869 1618 copiosis
1895 1537 2035 1598 fere
2062 1537 2272 1617 liber,
2302 1537 2423 1617 qui
2453 1557 2655 1619 pere-

621 1616 1138 1705 grinationibus
1165 1624 1230 1676 et
1251 1615 1589 1678 culicibus
1617 1627 1681 1678 et
1708 1617 2209 1700 vegetabilibus
2228 1617 2651 1698 quibusdam

623 1702 797 1763 adeo
838 1697 1016 1758 favet
1054 1695 1130 1756 in
1168 1696 1558 1777 Lapponia‚
1600 1698 1686 1759 ab
1728 1699 1940 1758 altera
1982 1706 2172 1781 parte
2213 1697 2513 1759 maxima
2550 1707 2655 1760 est

626 1797 827 1844 eausa
867 1774 1243 1839 sterilitatis
1285 1788 1500 1839 terrae.
1580 1776 1928 1859 Praecipue
1962 1797 2043 1839 ea
2063 1798 2219 1858 pars
2237 1778 2653 1859 Lapponiae,

624 1880 781 1943 quae
822 1861 992 1921 adeo
1023 1857 1281 1916 elevata
1317 1868 1416 1919 est
1451 1873 1525 1919 ut
1557 1876 1806 1940 paucas
1845 1859 1956 1919 vel
1987 1856 2127 1921 fere
2156 1859 2383 1921 nullas
2414 1858 2653 1941 sylvas

622 1943 893 2016 habeat,
929 1949 1153 1999 tamen
1185 1936 1536 1998 montibus
1572 1937 1935 2013 altioribus
1969 1936 2198 2001 nivem
2237 1958 2658 2001 conservan-

625 2024 811 2090 tibus
842 2017 1253 2093 destituitur,
1280 2017 1427 2078 scil.
1457 2017 1650 2101 regio
1681 2017 2055 2101 subalpina
2078 2018 2454 2101 Lapponiae
2480 2021 2657 2082 Tor-

625 2101 861 2167 nensis
896 2108 960 2160 et
1000 2096 1390 2179 Kemensis‚
1434 2117 1683 2180 magna
1716 2097 2012 2161 siccitate
2046 2099 2313 2161 laborat
2340 2120 2465 2182 per
2491 2101 2656 2161 bre-

623 2203 781 2245 vem
831 2200 1025 2241 suam
1073 2184 1367 2239 aestatem
1413 2177 1489 2240 in
1530 2180 1788 2261 campis
1829 2180 1972 2241 suis
2013 2178 2332 2242 convexis
2379 2180 2655 2262 apricis-

625 2265 871 2342 A‘erem
925 2259 1129 2320 etiam
1183 2278 1307 2339 per
1358 2278 1431 2319 se
1477 2258 1553 2320 in
1596 2279 1867 2323 summo
1928 2260 2392 2343 septentrione
2449 2261 2655 2324 valde

624 2345 884 2408 siccum
912 2362 1055 2403 esse
1082 2341 1355 2402 nullum
1387 2349 1486 2401 est
1513 2340 1841 2420 dubium,
1882 2362 2302 2422 quamquam
2331 2343 2654 2403 observa·
2719 2371 2725 2386 ·

627 2426 850 2489 tiones
880 2422 1107 2484 nullas
1135 2421 1677 2504 hygrometricas
1697 2422 2090 2483 habeamus.
2171 2422 2435 2484 Exinde
2470 2420 2547 2483 fit
2580 2431 2656 2484 ut

631 2504 931 2568 maxima
978 2520 1138 2583 pars
1191 2508 1383 2563 terrae
1435 2500 1819 2597 lapponieae
1868 2500 2164 2564 Lichene
2220 2501 2653 2587 rangiferino

629 2596 897 2651 tantum
935 2584 1229 2644 obducta
1254 2579 1378 2661 sit,
1407 2602 1530 2661 qui
1552 2591 1775 2645 aestate
1801 2594 1934 2643 tam
1957 2582 2330 2646 exsiccatur
2351 2592 2426 2645 ut
2447 2586 2656 2665 pedes

630 2662 1166 2749 peregrinatoris
1191 2659 1332 2722 fere
1364 2673 1623 2741 exurat,
1642 2662 1858 2742 xquasi
1887 2662 1960 2724 in
1984 2683 2194 2726 arena
2226 2666 2656 2726 desertorum

628 2747 878 2810 Africae
915 2745 1045 2807 iter
1080 2743 1348 2804 faceret.
1427 2745 1637 2808 Pe‘des
1666 2743 2175 2828 rangiferorum
2211 2745 2454 2806 morbo
2485 2764 2660 2824 quo-

632 2848 767 2908 que
796 2824 1083 2910 proprio
1112 2824 1433 2885 laborant
1465 2845 1549 2885 ex
1575 2834 1753 2885 terra
1784 2823 2080 2886 nimium
2111 2825 2437 2888 exsiccata
2468 2836 2658 2905 ort0,

633 2929 774 2990 quo
797 2908 1004 2969 etiam
1028 2913 1369 2999 coguntur
1389 2906 1477 2965 ad
1499 2905 1686 2985 alpes
1712 2904 1971 2967 nivales
1991 2914 2216 2968 aestate
2232 2907 2659 2986 quaerendas9

630 2992 828 3053 Tunc
870 2987 1077 3049 etiam
1117 2983 1302 3067 ignis
1336 2985 1666 3065 periculis
1701 3005 1909 3066 quam
1947 2989 2243 3048 maxime
2278 2998 2515 3049 vexata
2561 2996 2660 3048 est

630 3079 811 3132 terra
839 3065 1255 3149 Lapponica.
1335 3065 1601 3128 Exinde
1628 3062 1706 3126 fit
1732 3077 1808 3128 ut
1835 3067 2186 3148 Lapponia
2211 3066 2354 3129 fere
2386 3066 2660 3128 erice-tis

631 3148 1022 3214 siccissimis
1052 3156 1117 3207 et
1150 3145 1525 3240 paludibus
1559 3156 1823 3208 tantum
1854 3155 2153 3231 tegatur,
2191 3158 2261 3210 et
2293 3154 2370 3210 ut
2404 3167 2663 3230 pascua

632 3240 902 3294 tantum
936 3227 1382 3288 inveniantur
1418 3228 1508 3287 ad
1544 3246 1692 3287 mar
1740 3228 1888 3289 ines
1913 3228 2249 3309 paludum
2285 3236 2350 3289 et
2375 3228 2668 3293 lacuum-

633 3331 853 3391 eaque
903 3306 1254 3390 uliginosa
1294 3305 1635 3368 caricibus
1684 3246 1876 3371 «luris
1917 3309 2211 3390 repleta,
2261 3309 2437 3370 adeo
2483 3318 2563 3369 ut
2601 3307 2667 3370 si

635 3389 897 3454 Betulis
945 3400 1011 3449 et
1060 3386 1397 3449 Salicibus
1461 3387 1584 3448 tali
1644 3397 1868 3450 aestate
1928 3388 2388 3472 gaudentibus
2452 3389 2667 3450 desti-

634 3480 941 3535 tueretur
987 3467 1063 3529 in
1105 3470 1448 3529 desertum
1486 3466 1628 3528 fere
1675 3469 2088 3551 completum
2130 3478 2665 3532 converteretur.

633 3555 741 3616 Ab
779 3553 991 3614 altera
1019 3558 1242 3610 autem
1271 3556 1464 3629 parte
1490 3548 1635 3610 haec
1665 3548 1930 3611 siccitas
1964 3550 2249 3613 culturae
2286 3550 2662 3611 cerealium

637 3653 785 3696 non
815 3651 1059 3715 parum
1093 3628 1303 3707 favet,
1346 3630 1518 3690 adeo
1557 3639 1634 3690 ut
1670 3632 2024 3692 Hordeum
2055 3628 2373 3693 brevitati
2409 3628 2664 3693 aestatis

638 3715 1014 3776 admodum
1061 3729 1204 3772 sese
1249 3711 1702 3771 accomodans
1739 3710 2092 3773 interdum
2138 3713 2405 3775 colatur
2448 3729 2666 3794 supra

641 3793 1018 3857 terminum
1051 3789 1314 3854 Abietis
1355 3788 1435 3852 in
1468 3789 1859 3874 subalpinis
1900 3792 2091 3854 locis.

721 3943 782 4028 s.
831 3947 963 4008 106.
1002 3941 1199 4026 Alpes
1244 3943 1622 4008 Helveticoe
1685 3955 1919 4011 eontra
1963 3944 2333 4012 siceitatem
2391 3948 2665 4010 nullam

639 4028 1031 4111 patiuntur,
1071 4030 1192 4091 sed
1229 4027 1519 4123 humore
1560 4026 1872 4107 undique
1913 4029 2236 4112 gaudent.
2313 4033 2453 4092 Aer
2487 4029 2599 4094 ibi
2632 4047 2668 4090 e
