2799 4642
1959 265 2169 318 Lxxv

144 414 402 493 ‘quanto
452 407 957 476 Enontekensis
1009 410 1240 476 altius.
1323 415 1429 476 Ita
1482 414 1687 480 nobis
1741 417 2173 485 occasionem

144 493 400 577 praebet
412 501 492 555 ut
515 512 887 572 sumamus,
913 493 1214 575 spatium
1239 497 1655 575 quadratum
1687 515 1728 557 a
1758 496 1985 561 curvis
2010 509 2177 561 tem·

143 581 475 658 peraturae
509 572 857 636 inclusum
889 593 967 636 su
1022 594 1111 636 ra·
1141 574 1268 638 illa
1301 575 1490 638 linea
1529 586 2002 658 temperaturae
2043 582 2175 644 ubi

146 653 480 739 vegetatio
513 653 783 738 incipit,
823 655 983 718 exhi
1034 675 1147 717 ere
1174 656 1705 740 expressionem,
1740 679 1878 738 qua
1909 671 2178 744 vegeta-

144 734 352 798 tionis
380 736 656 805 climata
684 738 964 799 demum
1000 737 1271 799 emetiri
1297 747 1363 799 et
1389 755 1788 819 comparare
1817 760 2172 834 queamuS.

147 815 233 879 Ut
255 815 420 879 satis
453 826 880 900 compertum
910 836 1255 880 assumere
1287 818 1522 896 liceat,
1564 829 2064 904 vegetationem
2093 822 2172 884 in

146 917 394 983 genere
424 898 614 960 haud
655 896 961 980 incipere
995 917 1211 961 verno
1246 908 1554 982 tempore
1593 910 1965 981 antequam
2001 913 2174 965 tem-

144 988 462 1061 peratura
495 978 723 1040 media
766 977 908 1041 fere
936 980 1140 1041 8vum
1170 982 1464 1063 gradum
1492 980 1816 1064 attingat,
1858 986 2050 1063 quod
2092 985 2172 1047 in

144 1059 318 1120 valle
369 1059 649 1123 Ursaria
705 1057 935 1122 medio
986 1065 1243 1123 mensis
1290 1059 1466 1138 Maji
1513 1056 1621 1138 fit3
1661 1065 1783 1124 sed
1831 1074 2170 1128 autumno

141 1139 326 1202 haud
354 1159 615 1202 cessare
642 1138 917 1203 videtur
952 1150 1322 1221 antequam
1360 1152 1817 1225 temperatura
1850 1146 1941 1205 ad
1980 1150 2171 1209 titum

185 1222 434 1282 radum
456 1222 815 1283 delabatur
833 1222 943 1283 vel
965 1218 1105 1283 fine
1122 1224 1541 1304 Septembris
1570 1223 1646 1284 in
1669 1225 2173 1289 valle‘Ursaria.

177 1311 329 1362 nter
378 1304 526 1364 haec
571 1309 824 1385 puncta
876 1303 1166 1364 ducatur
1212 1303 1401 1367 linea
1448 1303 1851 1385 incipientis
1895 1316 2173 1390 vegeta-

145 1379 353 1445 tionis
391 1380 504 1464 θ),
547 1392 847 1464 tuncque
893 1387 1437 1466 computandum
1473 1384 1789 1465 sequitur
1829 1398 2171 1466 quantum

143 1462 438 1545 spatium
466 1466 881 1543 quadratum
913 1464 1191 1548 singula
1223 1486 1432 1530 curva
1464 1484 1674 1548 supra
1700 1467 1881 1528 hanc
1908 1468 2171 1531 lineam

143 1540 483 1624 includat,
539 1547 728 1624 quod
784 1545 1088 1626 spatium
1145 1548 1516 1629 respondet
1575 1545 2050 1630 temperaturae
2102 1558 2173 1612 et

142 1623 436 1706 tempori
462 1623 962 1709 vegetationem
999 1623 1202 1689 unice
1237 1626 1675 1708 promoventi
1721 1624 1947 1707 (quod
1984 1627 2171 1691 infra

143 1705 319 1768 dicta
337 1704 528 1767 linea
550 1715 753 1768 restat
779 1704 857 1767 id
879 1705 1099 1767 hiemi
1118 1726 1550 1770 accensemus
1570 1706 1647 1768 in
1661 1705 2169 1792 vegatationem

141 1787 408 1847 nullam
456 1785 599 1847 vim
647 1784 1047 1867 exercenti).
1125 1788 1200 1850 Si
1244 1787 1396 1865 jam
1443 1788 1773 1868 quadrata
1823 1788 1947 1849 illa
1998 1790 2087 1850 ab
2134 1809 2164 1851 1

141 1867 357 1950 gradu
401 1877 878 1950 temperatura!
916 1876 985 1928 et
1030 1887 1104 1929 10
1145 1867 1401 1931 diebus.
1433 1869 1761 1951 temporis
1808 1867 1888 1930 in
1931 1866 2171 1931 tabula

140 1957 374 2010 nostra
415 1946 591 2011 facta
624 1950 875 2032 grados
927 1950 1297 2028 quadratos
1342 1947 1685 2030 dicamus,
1729 1957 1794 2009 et
1829 1968 1945 2014 eos
1985 1969 2171 2013 com-

140 2040 496 2111 putemus,
535 2028 921 2112 reperimus
966 2049 1242 2091 curvam
1287 2031 1840 2092 Enontekensem
1877 2035 1954 2126 59
2001 2031 2169 2092 tales

141 2111 394 2191 gradus
423 2110 785 2172 includere
810 2119 876 2170 et
903 2129 1182 2172 curvam
1226 2109 1670 2173 Urserianam
1706 2112 1783 2173 58
1801 2111 1853 2188 72
1879 2132 2172 2175 circum-

140 2191 457 2252 scribere.
539 2193 758 2253 Hanc
785 2189 1352 2260 convenientiam.
1391 2192 1725 2267 majorem
1773 2212 1916 2254 esse
1955 2212 2168 2273 quarn

138 2290 166 2332 s
213 2290 409 2334 erare
442 2270 727 2352 licebat,
764 2289 922 2332 mox
950 2268 1342 2352 fatebimur,
1386 2274 1572 2334 unde
1608 2274 1984 2335 admodum
2007 2293 2171 2336 con·

180 2355 462 2433 ‘rmaturh
504 2353 635 2415 hoc
680 2350 1107 2434 principium
1165 2355 1256 2414 ad
1301 2351 1655 2415 climatum
1711 2348 2030 2416 effectum
2087 2353 2166 2416 in

138 2433 637 2517 vegetationem
695 2432 1246 2513 exprimendum.
1328 2437 1583 2498 Verum
1648 2444 1877 2495 autem
1933 2444 2032 2496 est
2074 2433 2170 2520 li3·

139 2532 338 2576 neam
380 2513 577 2576 illam
632 2511 1032 2595 incipientis
1085 2522 1152 2575 et
1191 2513 1512 2576 cessantis
1554 2513 2004 2599 vegetationis
2049 2514 2169 2577 vix

137 2603 448 2657 accurate
489 2613 800 2673 unquam
835 2593 1283 2655 determinari
1315 2613 1550 2675 posse;
1592 2594 1955 2675 probabile
1996 2615 2169 2677 quo-

140 2695 268 2753 que
315 2683 415 2736 est
454 2672 957 2759 vegetationem
1003 2674 1270 2755 alpium
1318 2673 1807 2743 altissimarum
1858 2673 2165 2758 incipere

138 2757 223 2816 ad
251 2756 550 2841 gradum
584 2754 929 2816 minorem
967 2753 1214 2815 caloris
1243 2774 1454 2833 quam
1492 2753 1828 2836 vegetatio
1863 2754 2168 2816 vernalis

139 2835 478 2914 planitiei.
555 2837 796 2915 Itaque
844 2833 1140 2895 multum
1185 2836 1406 2913 abest,
1452 2844 1526 2896 ut
1566 2838 1699 2896 hoc
1738 2833 2169 2929 principium

132 2915 422 2992 jamjam
470 2924 706 2998 aptum
756 2916 847 2976 ad
897 2914 1481 2996 computationem
1525 2923 1909 2977 accuratam
1965 2914 2170 2977 insti-

140 2995 463 3058 tuendam
515 2997 903 3072 credamus3
946 2995 1078 3056 hoc
1122 3003 1385 3055 tantum
1438 2994 1507 3056 ei
1553 2996 1919 3074 tribuatur,
1957 3006 2032 3056 ut
2079 2995 2171 3058 'sit

139 3087 534 3158 conspectus
551 3077 659 3138 vel
689 3076 866 3154 idea,
891 3094 1028 3154 qua
1047 3074 1426 3155 aliquando
1445 3076 1806 3159 pervenire
1827 3071 2167 3170 possimus

138 3159 223 3219 ad
253 3156 841 3239 comparationem
871 3165 1124 3218 certam
1153 3155 1544 3237 climatum,
1584 3158 1695 3219 vel
1764 3166 1948 3218 *otius
1979 3167 2054 3217 ut
2082 3157 2172 3218 sit

138 3256 395 3299 novum
451 3236 795 3299 indicium
850 3234 1354 3319 vegetationem
1408 3257 1636 3320 presse
1741 3239 2080 3320 ependere
2128 3256 2173 3298 a

140 3316 465 3399 temperie
505 3318 717 3397 aeris,
753 3336 1175 3398 quamquam
1203 3337 1285 3379 ex
1313 3325 1770 3400 temperatura
1808 3317 2172 3382 media‘to·

139 3398 271 3460 tius
313 3396 483 3461 anni
523 3418 772 3482 parum
813 3397 1188 3459 admodum
1230 3399 1699 3481 demonstrari
1729 3399 1962 3483 possit.

213 3475 272 3558 §-
316 3481 414 3556 84.
458 3482 700 3541 Curvae
749 3479 903 3540 duae
949 3479 1385 3559 insequentes
1431 3478 1694 3542 scilicet
1735 3479 2171 3543 Peissenber-

141 3559 364 3645 gensis
406 3569 474 3622 et
502 3556 1114 3622 Stockholmiensis
1150 3579 1312 3622 mox
1356 3559 1521 3623 satis
1560 3563 1739 3624 bene
1782 3559 2169 3651 comparari

173 3745 232 3825 *ᾗ
272 3751 521 3817 Διευιῃεί
557 3755 956 3818 vegetationem
986 3756 1230 3826 incipere
1264 3770 1392 3806 cnm
1422 3758 1598 3824 prima
1630 3752 2044 3806 frondescentia
2079 3769 2172 3804 ar-
2250 3746 2255 3751 ’

284 3823 490 3878 borum
523 3820 913 3894 plurimarum.
990 3827 1219 3879 Lineam
1245 3831 1564 3900 incipientis
1598 3833 1959 3897 vegetationis
1986 3833 2171 3899 potius

287 3897 436 3973 justo
482 3897 645 3953 altius
688 3916 855 3971 quam
901 3899 1136 3954 inferius
1177 3919 1381 3973 ponere
1408 3902 1601 3966 ‘volui;
1642 3907 1772 3972 quia
1819 3918 1953 3973 puto
1989 3918 2167 3954 annos

288 3971 456 4037 solito
475 3972 793 4044 frigidiores
806 3980 993 4049 potius
1007 3982 1411 4048 vegetationem
1425 3977 1665 4031 limitare
1679 3994 1846 4049 quam
1862 3975 2169 4032 calidiores.
