2799 4642
597 253 740 327 124
1178 213 1181 216 Ἰ
1342 244 1832 283 ῥοῶ-

596 421 734 498 673.
775 417 1070 481 DRABA
1127 433 1379 480 verna
1437 383 1621 507 [ginn-
1658 434 1837 492 spec.
1871 416 2088 495 plant.
2132 420 2233 483 ed.
2270 417 2509 483 Willcl.
2540 425 2598 487 ὅ.

834 520 906 640 ἴ.
935 498 1075 577 426.
1112 516 1282 560 svec.
1312 491 1546 571 η..567.
1619 494 1901 558 Haller.
1929 519 2148 561 enum.
2175 523 2245 582 p.
2277 500 2415 567 538.
2448 524 2513 565 η.
2547 522 2596 569 1.

882 581 1067 639 istor.
1102 598 1166 637 n.
1195 576 1336 656 496.

676 662 855 722 Hab.
894 660 970 720 in
1015 653 1396 719 macilentis
1439 653 1621 717 arvis
1663 666 1783 718 etc.
1824 656 2105 739 ubique.

598 779 736 856 674.
777 774 1072 837 DRABA
1113 771 1595 852 pyrenaica
1632 791 1836 854 scapo
1880 776 2103 851 nudo,
2146 774 2334 837 foliis
2370 776 2604 840 cunei-

836 852 1173 915 formibus
1199 849 1465 913 trifidis.
1507 852 1697 914 Lirm.
1719 874 1897 934 spec.
1919 855 2137 933 plant.
2162 856 2261 918 ed.
2283 855 2523 920 Willcl.
2547 862 2601 923 3.

837 955 906 1013 p.
926 935 1065 1012 428.
1107 932 1362 1015 Jaequ.
1395 940 1606 992 auser.
1636 942 1687 993 t.
1710 937 1848 997 228.
1904 935 2292 998 δίιιενήεἶν.
2323 956 2379 1002 2.
2415 958 2484 1018 p.
2505 939 2601 1019 46.

675 1015 853 1077 Hah.
875 1013 1042 1075 locis
1066 1035 1141 1074 ru
1150 1011 1491 1094 pestribus
1518 1012 1845 1092 glareosis
1865 1013 1938 1076 in
1962 1016 2239 1098 alpibus
2258 1015 2608 1081 exteriori-

758 1098 887 1156 bus
952 1093 1193 1155 mediae
1249 1091 1639 1152 altitudinis
1692 1092 1946 1175 passim
2010 1097 2318 1179 copiose;
2375 1099 2478 1160 uti
2533 1099 2609 1162 in

758 1174 982 1237 Pilato
1017 1175 1105 1234 ad
1137 1172 1476 1234 Ezelfluhe
1517 1183 1582 1231 et
1611 1172 1981 1256 Ringssuhe
2015 1175 2440 1257 frequenter,
2484 1200 2608 1242 nee

760 1274 904 1315 non
935 1255 1009 1314 in
1035 1252 1338 1315 culmine
1357 1250 1533 1332 alpis
1553 1255 2003 1317 Hooh-Sentis
2029 1266 2097 1318 et
2115 1257 2361 1320 exinde
2390 1258 2605 1340 usque

761 1338 849 1396 ad
895 1338 1186 1395 Mesmer
1226 1331 1519 1413 parcius.
2220 1395 2243 1418 ο

681 1413 1031 1477 Pulchella
1060 1414 1436 1474 admodum
1456 1410 1731 1493 specieS.
1774 1414 2001 1475 Petala
2022 1435 2290 1498 semper
2316 1419 2608 1500 dilutius

596 1495 1163 1577 purpurascentia
1193 1495 1300 1554 vel
1337 1493 1566 1572 potius
1605 1511 1798 1555 rosea
1832 1494 2024 1556 venis
2063 1497 2319 1557 crebris
2351 1510 2614 1560 satura·-

603 1577 896 1636 tioribus
931 1575 1268 1636 concinne
1296 1574 1571 1634 lineata.
1611 1575 1861 1654 Scapus
1892 1584 1956 1634 et
1990 1575 2313 1658 p'edicelli
2347 1579 2613 1661 simpli-

603 1654 772 1715 citer
806 1655 1056 1735 pilosi,
1107 1656 1226 1715 sed
1281 1654 1545 1733 calyces
1590 1655 2051 1735 glaberrimi„
2093 1658 2289 1718 Folia
2342 1667 2614 1742 semper

601 1735 1014 1815 regulariter
1054 1733 1275 1795 trifida
1310 1733 1582 1795 laciniis
1612 1735 1992 1813 aequalihus
2025 1738 2300 1819 parcius
2341 1740 2617 1804 ciliatis.

601 1814 903 1876 Siliculae
937 1814 1398 1896 glaberrimae,
1440 1813 1579 1890 fere
1612 1834 1880 1897 semper
1921 1828 2209 1879 curvatae
2248 1821 2337 1879 ob
2378 1840 2612 1883 semen

603 1916 820 1955 unum
866 1896 1239 1956 alterumve
1284 1905 1542 1955 tantum
1590 1894 1922 1975 grandius
1962 1897 2398 1977 inaequaliter
2432 1902 2614 1985 posi-

607 1988 752 2036 tum
797 1987 859 2035 et
901 1976 1074 2036 latus
1120 1977 1408 2036 alterum
1453 1974 1866 2036 distendens.

607 2106 746 2182 675.
786 2105 1220 2165 LEPIDIUM
1265 2103 1414 2182 alp
1434 2105 1514 2164 in
1533 2124 1659 2164 um
1693 2103 1887 2183 Litai.
1911 2126 2095 2185 spec.
2125 2108 2221 2187 pl.
2246 2108 2345 2170 ed.
2369 2106 2609 2171 Willd.

850 2189 903 2245 5.
931 2204 1000 2262 p.
1021 2185 1161 2264 455.
1198 2247 1201 2252 ,
1230 2184 1485 2265 Jacqu.
1516 2193 1726 2245 austr.
1766 2194 1813 2246 t.
1848 2190 1981 2263 137.
2062 2188 2341 2250 Haller.
2390 2197 2611 2253 enum.

848 2285 916 2344 p.
947 2262 1078 2343 547.
1126 2285 1189 2327 n.
1218 2266 1276 2332 5.
1318 2266 1551 2327 histor.
1587 2285 1653 2326 n.
1685 2263 1822 2331 516.

685 2347 864 2408 Hab.
886 2346 1053 2406 locis
1077 2347 1502 2428 rupes-tribus
1531 2346 2021 2408 occultioribus
2052 2348 2127 2410 in
2156 2347 2430 2432 alpibus
2460 2347 2619 2414 sub-

768 2425 1117 2487 nivalibus
1148 2427 1471 2489 omnibus
1499 2438 1644 2489 tum
1672 2427 2198 2508 humilioribuS‚
2239 2450 2341 2492 ex.
2375 2451 2476 2513 gr.
2510 2429 2617 2491 Pi-

767 2505 941 2584 lato,
995 2508 1410 2583 Tannhorn3
1468 2517 1612 2567 tum
1675 2507 2036 2569 altioribus
2104 2530 2180 2571 ac
2232 2510 2614 2588 altissimiS‚

768 2585 894 2645 ubi
937 2586 1289 2670 regionem
1351 2589 1417 2648 al
1472 2587 1659 2648 inam
1713 2589 2138 2670 superiorem
2183 2590 2615 2654 subnivalem

770 2679 1053 2747 occupat
1100 2688 1316 2746 usque
1361 2688 1399 2728 a
1505 2666 1799 2728 limitem
1851 2668 2150 2732 nivalem
2193 2668 2617 2748 frequentem

771 2766 902 2807 nec
945 2767 1253 2826 unquam
1305 2746 1655 2808 descendit
1696 2749 1786 2808 ad
1832 2748 2184 2830 regionem
2241 2750 2615 2811 abietinam

767 2825 908 2888 nisi
930 2824 1002 2888 in
1025 2828 1508 2910 angustissima
1527 2826 1836 2890 convalle
1858 2827 2281 2911 inferalpina
2307 2832 2396 2891 ad
2409 2831 2621 2893 Sand-

769 2907 886 2988 alp
929 2909 1486 2970 Glaronensium.
1742 2931 1746 2935 ’
1928 2940 1947 2971 «-

689 2988 1207 3063 Pubescentiam
1245 2987 1561 3048 omnium
1592 2986 2060 3052 tenuissimam
2094 2991 2511 3054 stellulatam
2545 2988 2617 3055 in

607 3067 965 3149 pedicellis
1008 3079 1074 3130 et
1113 3069 1392 3160 rachide
1434 3070 1662 3131 habet.

598 3180 753 3276 676.
793 3199 1228 3259 LEPIDIUM
1295 3219 1393 3259 ru
1410 3197 1499 3260 de
1516 3217 1551 3257 r
1568 3217 1611 3257 α
1630 3196 1655 3257 l
1670 3175 1730 3261 e.
1762 3195 1953 3258 Linn.
2011 3217 2190 3279 spec.
2241 3198 2461 3280 plant.
2523 3197 2617 3265 ed·

854 3276 1093 3340 Willd.
1125 3281 1182 3342 ὅ.
1210 3297 1278 3357 p.
1307 3280 1447 3358 440.
1488 3286 1659 3340 suec.
1694 3298 1759 3338 n.
1800 3277 1938 3354 572.

775 3358 1199 3420 Nasturtium
1234 3358 1443 3420 Hall.
1474 3379 1692 3420 enum.
1727 3377 1796 3437 p.
1820 3358 1959 3435 543.
1991 3378 2057 3417 η.
2095 3374 2147 3419 1.
2206 3357 2353 3418 hist.
2388 3379 2454 3423 η.
2488 3358 2619 3426 508.

691 3440 870 3499 Hah.
913 3438 988 3500 in
1034 3438 1350 3500 Helvetia
1391 3436 1752 3521 campestri
1796 3438 2046 3499 extima
2089 3436 2330 3499 rarius.

617 3555 757 3633 677.
786 3552 1171 3617 THLASPI
1212 3573 1562 3617 arcense
1601 3553 1791 3616 Linn.
1811 3573 2001 3639 ¹spec.
2026 3552 2354 3634 planted.
2384 3551 2620 3619 Willd.

777 3635 1200 3776 ΝΞ..5;έὲἰ;
1232 3654 1515 3777 ἕῐὲὶεῖῑ
1536 3632 2013 3796 {13222553'32‘34'52
2034 3655 2100 3776 32²:
2121 3628 2372 3780 5522...
2399 3736 2464 3776 η.
2489 3709 2628 3780 51..

697 3794 878 3863 Hah.
920 3795 994 3857 in
1038 3795 1222 3878 agris
1263 3806 1345 3859 et.
1371 3794 1571 3857 cultis
1615 3795 1895 3889 ubique.
1980 3802 1984 3807 ”
2162 3758 2181 3780 ⁸

620 3906 760 3993 678.
798 3912 1172 3975 THLASPI
1240 3920 1716 3989 campestre
1784 3909 1975 3972 Linn.
2024 3929 2204 3992 spec.
2258 3910 2480 3999 plant.
2533 3904 2636 3981 ed.

648 4020 653 4026 ’
863 3988 1104 4055 Willd.
1143 3996 1200 4056 ὅ.
1242 4010 1310 4073 ρ.
1338 3992 1477 4072 444.
1519 4010 1689 4057 svec.
1733 4012 1798 4066 η.
1836 3990 1975 4071 575.
