2799 4642
942 280 1432 317 -QOQ
2056 299 2198 371 1²3

187 458 236 519 F
241 457 368 517 lor.
418 455 608 534 Iapp.
659 460 921 513 tantum
962 448 1216 511 summi
1260 401 1745 532 septentrionis
1787 450 2017 517 incola
2056 463 2199 517 esse

189 538 479 598 videtur.
565 536 651 594 Ut
681 536 786 594 hae
812 532 1070 612 species
1099 530 1343 592 melius
1375 532 1920 616 distinguantur,
1967 537 2202 597 obser-

188 638 344 679 vare
367 614 596 692 juvat,
641 615 827 693 quod
857 631 998 673 non
1025 623 1284 673 tantum
1317 610 1722 675 ramificatio
1745 616 2199 694 pubescentiae

185 718 423 759 verum
472 697 677 757 etiam
727 692 1092 774 longitudo
1146 692 1294 767 ejus
1340 691 1623 768 majoris
1681 696 2025 755 momenti*
2072 696 2200 774 sit,

186 799 334 859 quae
367 785 594 837 autem
631 774 876 835 melius
907 772 1352 834 determinari
1388 773 1632 852 nequit
1660 794 1863 853 quam
1904 776 1980 836 in
2008 776 2203 857 pedi.

188 859 375 998 cells'ls
418 867 723 938 respectu
772 852 1093 915 diametri
1135 872 1413 933 eorum3
1455 866 1521 916 et
1560 855 1845 933 quidem
1885 857 2202 935 sequenti

189 960 302 1001 mo
356 957 431 1000 o:
1961 943 1979 948 ”
2036 976 2038 978 ·

265 1020 378 1084 Dr.
437 1018 619 1078 hirta
659 1048 741 1059 -
789 1012 1233 1095 pubescentia
1300 1011 1803 1094 pedicellorum
1863 1014 2200 1080 diametro

189 1100 329 1162 fere
369 1098 669 1181 longior.

261 1180 376 1241 Dr.
429 1177 708 1240 stellata
747 1171 1005 1255 Jacqu.
1046 1204 1128 1216 —
1188 1170 1628 1251 pubescentia
1695 1175 2196 1255 pedicellorum

189 1262 522 1322 diametro
577 1256 888 1334 brevior3
948 1271 1099 1331 quae
1155 1252 1364 1313 simul
1425 1272 1505 1314 ac
1558 1253 1832 1316 habitus
1894 1257 2204 1319 diversus

193 1352 507 1404 constans
544 1336 725 1418 cogit
772 1356 878 1395 me
920 1352 1071 1393 eam
1117 1351 1156 1391 a
1195 1331 1617 1413 praecedente
1662 1335 2101 1417 distingvere.

270 1422 380 1483 Dr.
410 1418 778 1481 muricella
807 1416 858 1476 F
863 1416 909 1475 l.
933 1412 1213 1492 lappon.
1235 1446 1316 1460 --
1357 1415 1799 1493 pubescentia
1825 1416 2201 1497 pedicello-

185 1525 340 1565 rum
401 1502 735 1563 diametro
801 1492 1146 1558 multoties
1208 1494 1487 1555 brevior
1545 1492 1685 1556 fere
1738 1495 2016 1559 sessilis.
2096 1500 2200 1559 De

189 1595 410 1647 cetero
451 1578 744 1643 siliculis
791 1572 1188 1639 lanceolatis
1235 1573 1573 1654 obliquis,
1618 1572 1808 1639 foliis
1855 1577 2205 1660 angustis,

187 1666 416 1805 coliore
448 1664 912 1746 glaucescente
948 1653 1153 1717 totius
1182 1656 1412 1717 herbae
1448 1654 1907 1719 diversissima
1953 1678 1994 1719 a
2034 1678 2206 1741 prae·

189 1767 264 1807 cc
315 1754 489 1805 ente.
1545 1781 1548 1784 ,

189 1829 328 1905 672.
369 1824 661 1887 DRABA
706 1825 1190 1881 lamentosa
1246 1815 1440 1876 caule
1486 1814 1808 1878 subnudo
1849 1815 2203 1897 filiformi,

285 1906 289 1909 ’
427 1903 618 1965 foliis
653 1896 975 1962 ovalibus'
995 1895 1460 1979 integerrimis
1491 1891 1924 1969 tomentosis,
1967 1899 2206 1959 silicu-

426 1982 514 2047 lis
550 1980 798 2124 cilizffils
834 1978 1146 2041 ovalibus
1175 1975 1619 2061 longitudine
1645 1978 1989 2060 pedicelli.
2035 1978 2201 2041 Ταῦ.

425 2073 633 2128 nostr.
777 2107 795 2122 .

345 2151 466 2210 Dr.
490 2141 702 2207 dubia
730 2142 948 2203 Sutor.
984 2139 1154 2202 helv.
1192 2154 1249 2200 2.
1286 2156 1355 2216 p.
1384 2136 1511 2214 46?

351 2229 471 2307 Dr.
509 2223 820 2288 caulibus
865 2219 1240 2296 subnudis,
1282 2217 1474 2279 foliis
1526 2220 1923 2282 tomentosis
1968 2219 2205 2282 ovatis.

374 2368 388 2385 ἦ
435 2305 713 2369 Haller.
749 2303 980 2364 histor.
1008 2323 1072 2367 n.
1103 2301 1500 2379 497..enum.
1532 2317 1601 2378 p.
1629 2295 1769 2379 559.
1807 2323 1873 2360 η.
1904 2318 1961 2364 2.

269 2391 450 2454 Hab.
478 2385 552 2447 in
588 2383 781 2445 rimis
820 2380 1101 2461 rupium
1136 2379 1499 2443 sicciorum
1588 2397 1663 2439 er
1696 2381 1883 2462 alpes
1926 2380 2203 2442 altiores

351 2466 628 2551 passim,
655 2484 760 2536 ex.
789 2484 890 2546 gr.
910 2463 983 2522 in
1010 2461 1228 2521 Pilato
1253 2462 1340 2521 ad
1370 2460 1523 2521 Ezel
1577 2461 1711 2519 uhe
1736 2471 1803 2520 et
1828 2460 2208 2544 Rossliger-

350 2547 720 2611 waldfluhe
788 2540 1103 2623 copiose,
1166 2539 1243 2599 in
1297 2538 1476 2622 jugo
1544 2541 2206 2603 Rothestock-sattel

356 2629 539 2690 dicto
557 2619 1213 2711 Engelbergensium
1232 2620 1321 2679 ad
1344 2618 1573 2702 ipsum
1592 2619 1884 2683 limitem
1904 2620 2206 2684 nivalem

358 2713 607 2772 florens
638 2711 704 2770 d.
741 2706 809 2766 18
837 2706 1009 2783 Aug.
1046 2698 1341 2781 copiose.

277 2793 387 2854 Ob
431 2790 695 2853 caulem
734 2784 1129 2847 subnudum
1169 2790 1232 2840 et
1266 2777 1638 2859 pedicellos
1669 2778 1915 2863 longos
1956 2778 2208 2841 similis

191 2882 293 2935 est
320 2872 433 2933 Dr.
460 2872 648 2930 hirtoe
667 2887 690 2943 ,·
729 2868 850 2928 sed
884 2862 1325 2947 pubescentia
1359 2858 1576 2940 magis
1619 2879 1775 2920 cum
1802 2862 1916 2921 Dr.
1954 2862 2207 2921 incana

191 2951 534 3016 convenit.
615 2946 837 3010 Radix
863 2944 1062 3006 valde
1084 2938 1408 3024 perennis
1440 2957 1835 3013 numerosas
1865 2948 1930 3000 et
1967 2942 2210 3000 densas

191 3034 461 3098 rosulas
486 3029 811 3109 foliorum
840 3025 961 3088 alit
984 3019 1095 3103 (in
1109 3021 1224 3082 Dr.
1249 3022 1504 3080 incana
1526 3038 1756 3081 annua
1778 3021 1886 3080 vel
1909 3019 2208 3095 bienniS,

190 3112 478 3192 tenuis).
560 3108 911 3172 Foliorum
948 3103 1385 3186 pubescentia
1427 3118 1695 3161 ramosa
1732 3100 2047 3179 quidem,
2090 3102 2211 3162 sed

192 3205 333 3257 tam
359 3192 642 3259 confusa
671 3191 958 3250 etdensa
985 3194 1056 3244 ut
1082 3184 1458 3244 tomen‘tosa
1471 3179 1627 3257 jure
1646 3180 1931 3242 dicatur.
1977 3181 2211 3244 Caulis

189 3275 515 3338 flaccidus
545 3285 608 3335 et
634 3266 955 3352 pedicelli
987 3264 1126 3325 fere
1156 3262 1547 3347 capillares,
1593 3260 1961 3345 insigniter
1981 3260 2213 3343 pilosi.

186 3356 495 3420 Siliculae
540 3374 613 3415 re
656 3369 816 3411 vera
859 3346 1083 3409 ovales
1133 3344 1517 3406 subinflatae
1572 3353 1637 3403 et
1677 3346 1767 3404 ob
1811 3346 2211 3404 tenuitatem

189 3436 630 3498 valvularum
711 3425 1204 3510 subpellucidae
1283 3421 1394 3502 (in
1478 3422 1590 3484 Dr.
1676 3425 1929 3485 incana
2011 3423 2212 3482 valde
2299 3430 2311 3441 “·

188 3514 494 3598 opacae),
538 3508 924 3576 distinctius
973 3504 1218 3569 ciliatae
1265 3503 1429 3583 (nec
1469 3502 1768 3565 breviter
1814 3511 1880 3563 et
1929 3501 2213 3566 confuse

242 3598 638 3689 ubescentes
681 3601 758 3652 ut
792 3588 868 3652 in
900 3587 1017 3673 Dr.
1062 3585 1373 3666 incana).
1457 3585 1687 3648 Petala
1725 3585 1961 3669 calyce
2002 3582 2212 3666 triplo

220 3694 675 3837 ωὲῗῑῗῖιῒαιίο
716 3742 929 3814 iconis
953 3770 974 3810 .·
1017 3768 1078 3809 a.
1111 3748 1347 3829 planta
1372 3746 1642 3806 florens.
1680 3743 1749 3804 b.
1779 3744 1901 3804 flos
1922 3740 2210 3804 seorsim

184 3840 433 3939 paullo
465 3848 722 3930 auctus.
764 3855 817 3896 c.
847 3833 1048 3912 calyx
1070 3829 1286 3908 duplo
1316 3835 1574 3920 auctus.
1618 3826 1683 3884 d.
1711 3825 1945 3907 planta
1976 3820 2217 3883 fructi·
2256 3870 2262 3877 .

185 3926 362 3984 iera.
416 3939 475 3980 e.
503 3917 659 3978 folu
691 3933 847 3997 pars
876 3929 1104 3992 magn.
1142 3919 1315 3971 auct.
1368 3904 1415 3966 f.
1442 3907 1716 3968 silicula
1744 3905 1958 3985 duplo
1993 3913 2212 3987 aucta.

188 4023 260 4084 g.
281 4000 593 4143 [filiculae
647 4016 804 4082 pars
865 3991 1181 4076 superior
1239 3986 1631 4070 quadruplo
1693 3997 1889 4050 aucta
1941 3980 2214 4068 magni-

194 4096 271 4143 1u
330 4101 465 4143 lne-
