2799 4642
555 231 805 288 Lxxw
915 245 924 262 ¹

692 319 730 356 κ

552 409 833 456 curvam
868 394 1342 471 temperaturae
1382 386 1681 453 Scanieae
1707 408 1836 471 pro
1865 388 2378 474 comparatione
2416 395 2577 459 cum

551 478 1011 553 temperatura
1061 466 1302 532 Turici
1353 469 1718 549 exhibere3
1771 470 1974 533 fateri
2026 475 2256 535 tamen=
2310 476 2583 557 oportet

550 567 832 616 curvam
864 548 1308 612 Turicensem
1337 552 1428 611 ad
1466 551 1670 612 talem
1710 570 1861 613 com
1915 551 2295 616 arationem
2329 575 2583 638 parum

552 634 877 696 idoneam
922 649 1064 692 esse
1105 632 1195 692 ob
1242 630 1543 693 rationes
1582 650 1791 713 supra
1832 653 1868 693 a
1903 634 2092 697 latas.

633 710 694 797 ς.
733 715 832 774 83.
871 711 1140 773 Tabula
1166 711 1313 775 haec
1346 711 1472 773 tali
1511 715 1720 775 modo
1749 723 2165 794 constructa,
2207 718 2294 777 ad
2329 716 2585 779 multas

551 790 1029 859 conclusiones
1068 791 1212 853 vim
1247 802 1723 875 temperaturae
1763 793 1839 855 in
1873 796 2375 877 vegetationem
2417 796 2590 859 illu-

548 884 839 939 strantes
880 872 1215 955 perducit.
1298 874 1505 936 Hunc
1538 873 1613 936 in
1655 872 1862 936 finem
1895 896 2136 938 curvas
2178 874 2587 961 frigidiores

550 954 938 1021 Helveticas
994 973 1150 1015 cum
1200 954 1429 1015 curvis
1472 952 1957 1037 frigidioribus
2005 956 2261 1018 summi
2307 968 2588 1040 septen-

551 1034 802 1101 trionis
849 1053 1245 1115 comparare
1291 1033 1599 1115 primum
1640 1046 1928 1117 oportet.
2006 1038 2139 1099 Sed
2185 1058 2391 1102 curva
2433 1037 2588 1122 lap-

549 1116 802 1203 ponica
838 1135 921 1176 ex
947 1112 1325 1177 Enontekis
1357 1114 1550 1176 haud
1582 1128 1737 1197 apta
1773 1127 1870 1178 est
1904 1118 1994 1178 ad
2028 1118 2352 1180 directam
2398 1138 2591 1181 com-

549 1197 983 1283 parationem
1018 1215 1171 1257 eum
1210 1193 1415 1257 curva
1448 1198 1540 1258 St.
1565 1195 1964 1276 Gotthardi‚
2007 1198 2170 1277 quia
2202 1198 2589 1262 Enontekis

548 1280 772 1341 multo
812 1276 1054 1338 ditiori
1081 1274 1509 1361 vegetatione
1545 1279 1797 1360 gaudet
1837 1288 2070 1359 utpote
2095 1280 2326 1361 sylvas
2354 1280 2595 1342 adhuc

533 1360 777 1438 alem,
830 1366 897 1419 et
941 1357 1354 1439 praecociore
1399 1378 1681 1450 quoque,¹
1725 1378 1883 1419 vere
1933 1356 2192 1420 fruitur
2232 1381 2389 1423 cum
2430 1359 2584 1435 jam

549 1448 1008 1523 temperatura
1050 1436 1259 1504 initio
1308 1439 1564 1502 mensis
1607 1438 1807 1500 Junii
1848 1434 2141 1501 sufficiat
2185 1443 2274 1502 ad
2316 1450 2590 1524 vegeta-

553 1520 814 1583 tionem
840 1519 1267 1587 excitandam
1285 1563 1311 1598 ,-
1331 1540 1472 1600 quo
1498 1531 1803 1601 tempore
1832 1519 2069 1583 omnia
2086 1520 2316 1582 adhuc
2333 1539 2588 1583 somno

550 1602 875 1681 hyberno
937 1610 1342 1681 premuntur
1415 1602 1503 1662 ad
1572 1600 1971 1683 Hospitium
2027 1602 2119 1661 St.
2191 1600 2591 1662 Gotthardi.

515 1713 518 1722 „
551 1680 785 1743 Liceat
813 1678 991 1740 mihi
1021 1698 1439 1763 pertcurvam
1462 1683 1918 1743 constructam
1939 1680 2049 1741 vel
2064 1682 2586 1760 quodammodo

553 1758 814 1838 fictam,
857 1760 1443 1840 comparationem
1483 1762 1839 1823 meliorem
1887 1759 2239 1823 inducere.
2281 1763 2587 1823 Curvam

554 1836 1107 1907 Enonteke‘nsem
1164 1842 1253 1901 ad
1311 1844 1610 1904 eundem
1665 1840 1956 1926 gradum
2009 1839 2330 1925 frigoris,
2374 1860 2585 1921 quem

555 1941 765 1986 curva
789 1923 881 1983 St.
908 1921 1273 1982 Gotthardi
1301 1922 1619 1998 ostendit,
1643 1924 1967 1984 reducere
1989 1923 2177 1983 haud
2196 1940 2587 2004 possumus,

556 2022 775 2084 quum
837 2001 1104 2062 nullam
1168 2021 1451 2065 curvam
1506 2001 1944 2085 frigidiorem
2002 2002 2257 2063 summi
2317 2011 2589 2083 septen·

555 2081 805 2145 trionis
848 2083 1255 2159 habeamus;
1296 2085 1417 2145 sed
1451 2103 1659 2144 curva
1693 2081 2196 2146 Gotthardiana
2236 2083 2409 2144 adeo
2443 2083 2588 2143 ele-

550 2162 707 2226 vari
734 2172 953 2247 potest
980 2170 1054 2223 ut
1081 2182 1304 2225 curvae
1332 2159 1801 2228 Enontekensi
1839 2164 2280 2243 respondeat,
2323 2172 2389 2223 et
2424 2160 2588 2242 qui-

555 2246 716 2309 dem
747 2242 1064 2323 sequenti
1097 2246 1327 2305 modo.
1407 2243 1727 2318 Vidimus
1765 2244 1841 2306 in
1886 2244 2119 2305 tabula
2157 2254 2390 2306 nostra
2431 2263 2588 2305 cur·

551 2345 709 2387 vam
759 2323 1015 2408 montis
1059 2325 1504 2408 Peissenberg
1546 2325 1708 2390 satis
1769 2325 2173 2408 parallelam
2222 2345 2364 2388 esse
2425 2345 2583 2387 cum

465 2476 472 2481 ¹
556 2421 763 2468 curva
792 2407 885 2466 St.
910 2405 1308 2480 Gotthardi3
1351 2405 1584 2487 itaque
1613 2405 1832 2468 lineas
1873 2405 2316 2468 intermedias
2352 2406 2587 2481 cujus-

556 2485 732 2549 libet
770 2483 1243 2567 proportionis
1288 2489 1537 2547 ducere
1574 2506 1957 2569 possumus.
2036 2489 2191 2548 Jam
2231 2485 2291 2547 si
2334 2496 2591 2548 statua·

557 2586 713 2629 mus
733 2565 1479 2652 montemPeissenberg
1490 2586 1644 2629 secu
1653 2569 1869 2628 ndum
1887 2567 2385 2651 vegetationem
2403 2585 2587 2629 eom-

579 2654 582 2655 ’
608 2656 866 2713 aratam
891 2646 1128 2725 paullo
1153 2645 1498 2709 mitiorem
1529 2649 1781 2709 hahere
1814 2657 2345 2729 temperaturam
2373 2666 2585 2727 quam

616 2729 951 2819 ngelberg
975 2727 1084 2787 vel
1111 2726 1251 2787 fere
1279 2731 1569 2789 eandem
1600 2748 1678 2791 ac
1705 2730 1984 2807 Wasen,
2026 2737 2093 2789 et
2122 2726 2227 2791 ihi
2256 2739 2591 2808 tempera·

521 2848 526 2851 ,
559 2817 786 2869 turam
828 2805 1502 2891 Pelssenbergianam
1545 2811 1680 2870 6.ιὸ
1713 2812 1975 2870 Gentes.
2015 2828 2158 2870 esse
2195 2827 2549 2871 sumamus
2566 2828 2599 2884 ς’

558 2887 845 2968 siporro
867 2897 1390 2968 temperaturam
1415 2887 1695 2949 termini
1709 2886 1865 2948 Pini
1883 2886 2094 2968 piceae
2116 2888 2408 2949 termino
2424 2887 2590 2949 Pini

557 2965 914 3050 sylvestris
958 2965 1033 3027 in
1065 2968 1422 3049 Lapponia
1455 2968 1929 3050 respondentis
1968 2986 2353 3047 quaeramus
2387 2965 2589 3044 juxta

557 3047 1083 3144 proportionem
1146 3047 1486 3110 distantiae
1547 3049 1656 3110 vel
1711 3043 2119 3110 differentiae
2180 3047 2588 3111 elevationis

557 3138 740 3193 inter
772 3130 1017 3189 Wasen
1063 3136 1129 3188 et
1167 3129 1566 3211 Hospitium
1605 3130 1697 3190 st.
1745 3128 2149 3207 Gotthardi‚
2201 3126 2589 3209 reperimus

515 3226 520 3230 ·
560 3212 740 3271 hanc
755 3216 1281 3289 temperaturam
1299 3209 1890 3291 proportionalem
1912 3229 2054 3272 esse
2074 3213 2112 3271 3
2132 3210 2322 3290 grad.
2341 3218 2592 3270 centes-

556 3292 724 3353 Haec
801 3291 1315 3368 quodammodo
1399 3300 1926 3371 temperaturam
2007 3289 2223 3354 Vallis
2286 3288 2591 3353 Ursariae

558 3389 833 3450 aequare
862 3368 1155 3432 videtur.
1232 3374 1387 3432 Jam
1416 3379 1620 3431 totam
1643 3389 1919 3432 curvam
1952 3379 2423 3454 temperaturae
2455 3389 2595 3451 pro

558 3451 757 3515 Valle
776 3447 1050 3510 Ursaria
1073 3461 1468 3512 construere
1497 3450 1697 3512 liceat
1716 3453 1803 3512 ad
1825 3451 2344 3532 proportionem
2374 3452 2594 3512 hanc:

524 3592 529 3599 ,
560 3528 889 3593 distantia
915 3527 1097 3590 inter
1124 3551 1362 3594 curvas
1392 3531 1697 3626 Hospitii
1724 3533 1815 3593 St.
1847 3532 2211 3593 Gotthardi
2241 3542 2305 3592 et
2336 3530 2595 3593 montis

558 3610 959 3674 Pei-ssenber
1039 3608 1448 3693 respondeat
1482 3610 1821 3674 distantiae
1867 3611 2050 3673 inter
2084 3612 2391 3690 ejusdem
2440 3611 2597 3672 Ho-

561 3691 755 3774 spitii
778 3700 842 3751 et
864 3693 963 3755 Va
996 3690 1079 3752 lis
1110 3691 1404 3754 Ursariae
1435 3712 1714 3754 curvam
1755 3714 1813 3755 ετ
1860 3712 1894 3771 7
1941 3695 2132 3774 grad.
2173 3704 2306 3755 tem
2359 3711 2451 3753 er.
2495 3711 2512 3751 ε
2551 3708 2593 3764 4

564 3774 759 3866 grad.
783 3783 1062 3853 temper.
1098 3772 1212 3835 Sic
1231 3773 1733 3843 construximus
1761 3794 2039 3836 curvam
2062 3773 2266 3859 yallis
2355 3769 2593 3833 rsariae

559 3874 645 3917 an
670 3851 904 3914 tabula
924 3863 1189 3932 nostra,
1217 3873 1427 3934 quam
1455 3866 1925 3934 comparantes
1953 3867 2111 3916 cum
2134 3870 2339 3915 curva
2361 3853 2598 3913 Enon-

568 3933 867 4016 tekensi‚
909 3935 1290 4017 reperimus
1309 3954 1462 3999 eam
1485 3943 1671 3998 tanto
1689 3934 1894 3998 latius
1914 3934 2206 4020 spatium
2230 3931 2603 3996 includere-
