2799 4642
2041 270 2257 328 xmu

214 454 425 516 quam
468 429 729 497 Hiirnli
770 449 1008 513 mom,
1046 430 1183 494 suh
1222 449 1366 513 quo
1414 438 1659 495 contra
1704 429 2041 496 terminus
2085 434 2266 519 Jug-

210 516 446 579 landis
481 515 559 578 in
601 512 870 576 ditione
904 515 1209 610 Toggica
1240 515 1333 575 ad
1372 534 1530 594 19⁰⁰
1565 513 1775 595 pedes
1813 513 2268 595 deprimitur;

211 606 279 658 et
332 595 434 659 sic
489 595 698 659 etiam
766 594 1030 676 reliqui
1093 593 1378 657 termini
1432 595 1767 656 arborum
1824 594 2267 658 calidiorum.

209 679 367 739 Non
412 676 697 756 quidem
741 675 987 738 dubito
1028 676 1376 738 convalles
1418 674 1911 758 profundiores
1963 676 2264 741 calorem

208 758 512 821 solarem
570 754 977 841 colligentes
1040 768 1107 818 et
1163 777 1444 819 sursum
1507 751 1980 819 diffundentes
2045 755 2262 833 hujus

207 838 661 934 phaenomeni
702 857 976 900 causam
1023 856 1202 916 esse,
1256 837 1356 900 sic
1392 856 1643 921 nempe
1691 845 1767 899 ut
1818 836 1895 898 in
1947 836 2268 903 terminis

209 918 675 983 inferioribus
712 928 784 979 ut
834 972 835 975 ,
910 939 946 981 e
983 918 1437 1002 propioribus
1479 918 1699 1001 magis
1742 917 1886 981 sint
1921 913 2268 998 efficaceS,

210 1021 455 1064 earum
502 1019 671 1065 vero
722 1020 796 1070 ca
829 1019 911 1061 or
958 1021 1177 1081 usque
1223 1003 1316 1062 ad
1362 999 1743 1063 terminum
1788 999 2094 1064 nivalem
2144 1001 2268 1063 ad-

207 1082 541 1146 scendere
581 1099 727 1142 non
766 1089 1013 1163 potest.
1182 1136 1185 1141 ,

282 1157 352 1242 S.
394 1164 497 1238 48.
577 1161 816 1224 Talem
849 1181 1132 1257 quoque
1164 1159 1632 1227 diversitatem
1666 1160 1851 1226 inter
1886 1169 2267 1243 utrumque

206 1243 392 1306 latus
428 1241 697 1324 alpium
741 1243 1457 1325 lapponicarumpesse
1495 1254 1842 1327 putamus.
1928 1244 2265 1309 Generos.

212 1345 345 1387 von
370 1322 562 1384 Bucli
590 1323 988 1387 distantiam
1015 1324 1297 1387 termini
1327 1324 1583 1388 nivalis
1613 1345 1655 1387 a
1685 1323 1985 1387 termino
2001 1325 2260 1387 Betulae

208 1424 432 1488 prope
461 1406 662 1466 Alten
696 1404 1117 1468 Finmarkiae
1149 1409 1303 1469 1800
1328 1407 1538 1489 pedes
1571 1425 1718 1468 esse
1751 1404 2009 1487 reperit
2035 1402 2260 1484 (Reise

213 1484 436 1557 durch
467 1483 538 1545 N
540 1506 849 1566 orwegen
893 1486 1036 1548 und
1061 1486 1437 1568 Lappland
1465 1504 1525 1551 2.
1561 1506 1630 1567 p.
1669 1484 1879 1564 133.),·
1921 1484 2065 1546 fere
2096 1505 2264 1551 ean-z

209 1568 374 1629 dem
413 1585 543 1648 ego
581 1587 862 1648 quoque
894 1570 1205 1650 comperi
1232 1572 1323 1631 ad
1347 1569 1578 1632 Salten
1603 1564 2090 1643 Nordlandiae‚
2134 1564 2265 1631 ubi

208 1656 362 1709 tum
388 1646 726 1709 terminus
755 1647 1009 1710 nivalis
1033 1658 1177 1710 tum
1198 1650 1451 1710 Betulae
1472 1649 1764 1709 eandem
1787 1647 2015 1709 adhuc
2036 1654 2267 1710 servat

205 1726 692 1789 altitudinemt
731 1726 878 1790 scil.
906 1728 1105 1810 prior
1139 1727 1411 1792 circiter
1439 1733 1602 1791 3100
1629 1729 1887 1811 pedum
1917 1726 2262 1808 posterior

212 1826 379 1870 1200
397 1808 681 1889 pedum.
762 1811 1016 1876 Versus
1038 1809 1347 1872 Sveciam
1376 1818 1609 1871 autem
1639 1807 1976 1870 terminus
2008 1809 2270 1872 Betulae

209 1889 350 1951 cito
379 1887 737 1950 adscendit
764 1890 1114 1984 praecipue
1142 1888 1218 1952 in
1246 1893 1386 1973 Lap
1441 1887 1626 1952 oniis
1658 1888 2270 1955 meridionalibu&

207 1970 642 2034 Jamdudum
669 1969 1201 2053 adlaeppaji‘irvi
1234 1991 1373 2033 eun
1429 1990 1536 2032 em
1573 1972 1728 2032 1800
1746 1970 1953 2054 pedes
1989 1988 2041 2030 s.
2071 1988 2264 2031 mare

209 2051 559 2112 clevatum
603 2050 862 2132 reperit
916 2054 1246 2130 Generos.
1303 2072 1431 2114 von
1474 2049 1702 2125 Buch,
1761 2069 1971 2145 quam
2029 2049 2267 2113 altitud

210 2131 456 2193 dinem
507 2129 716 2195 etiam
765 2150 895 2213 ego
944 2131 1237 2196 assumsi
1284 2152 1416 2214 pro
1470 2132 1853 2195 Enontekis
1899 2134 1977 2191 in
2011 2131 2266 2201 ⁴tabula.

208 2210 660 2279 altitudinem
688 2212 1085 2294 plantarum
1119 2216 1212 2276 ad
1247 2216 1431 2290 Flor.
1470 2213 1658 2294 lapp.
1690 2232 1847 2298 pag.
1880 2208 2018 2276 LV.
2065 2230 2266 2275 mon-

209 2301 496 2356 strante.
561 2295 693 2356 Sed
720 2293 1055 2357 terminus
1084 2292 1337 2358 nivalis
1360 2313 1507 2356 non
1537 2290 2266 2388 eadem-proportione

208 2374 579 2440 elevatur„
623 2377 707 2437 In
741 2374 1106 2457 Lapponia
1137 2375 1431 2441 Lulensi
1466 2377 1557 2436 ad
1596 2370 1809 2436 finem
1850 2373 2273 2438 orientalem.

207 2454 406 2520 lacus
432 2454 787 2532 Virihjaur
808 2454 1420 2522 terminusBctulae
1433 2454 1658 2538 surgit
1673 2456 1856 2518 ultra
1879 2471 2039 2516 aooo
2052 2455 2264 2534 pedes

207 2555 440 2619 supra¹
464 2556 652 2600 mare
687 2538 799 2599 vel
826 2535 973 2600 fere
1011 2556 1167 2598 iooo
1190 2539 1403 2620 pedes
1427 2537 1637 2598 altius
1669 2555 1880 2616 quam
1923 2535 2012 2598 ad
2047 2553 2267 2620 oppo-

205 2617 425 2682 situm
460 2615 945 2702 ,Norvegicum
992 2617 1172 2680 latus
1217 2615 1381 2701 jugi
1426 2614 1691 2700 alpini,
1732 2626 1801 2678 et
1847 2626 2077 2678 tamen
2126 2626 2265 2677 ter-

211 2696 454 2768 minus
490 2698 745 2761 nivalis
782 2699 875 2760 ad
910 2698 1311 2781 proximum
1345 2699 1526 2761 latus
1564 2694 1793 2779 alpini
1818 2694 1982 2780 jugi
2012 2716 2265 2778 parum

208 2779 599 2852 admodum
634 2777 964 2841 elevatior
1004 2798 1150 2842 esse
1189 2778 1490 2842 videtur.
1566 2777 1976 2841 Terminum
2005 2777 2262 2841 Betulae

211 2861 449 2922 adhuc
476 2858 695 2941 magis
723 2861 1138 2926 adscendere
1165 2880 1385 2943 prope
1422 2857 1815 2944 Quickjock
1853 2857 2132 2920 nullum
2164 2863 2265 2920 cst

213 2938 988 3021 dubiu1m,⁴.term.inum
1033 2951 1266 3005 autem
1313 2941 1619 3003 nivalem
1660 2942 1854 3001 haud
1898 2938 2055 3022 pari
2103 2957 2265 3021 pro·

215 3018 550 3114 portione
578 3020 833 3091 elevari
863 3020 1138 3103 opinor.
1215 3024 1370 3085 Hoc
1412 3019 1700 3101 quidem
1744 3018 2022 3082 directis
2072 3040 2267 3080 men-

212 3101 397 3164 suris
433 3100 816 3184 aliquando
848 3102 1298 3168 determinari
1329 3112 1552 3186 potest
1587 3110 1853 3164 tantum
1881 3103 1970 3162 ad
1996 3099 2265 3186 Quick·

220 3181 375 3245 ‘ock
426 3193 664 3269 utpote
713 3183 1011 3246 unicum¹
1056 3183 1291 3245 locum
1347 3184 1428 3248 in
1488 3180 1818 3245 omnibus
1878 3180 2260 3264 Lapponiis

258 3263 530 3344 vecicis‚
560 3268 648 3327 ad
681 3285 884 3345 quem
910 3265 1097 3347 alpes
1130 3264 1505 3328 terminum
1527 3263 1831 3325 nivalem
1852 3262 2265 3345 attingentes

216 3344 380 3410 tatis
411 3366 643 3410 versus
676 3345 1025 3410 Svecicam
1058 3356 1309 3414 terram
1350 3344 1743 3427 planiorem
1785 3343 2266 3427 egrediuntur.

215 3426 346 3496 His
371 3423 921 3498 indiciisduetus
943 3426 1021 3489 in
1038 3428 1217 3489 dicta
1244 3426 1480 3490 tabula
1496 3427 1715 3489 Florae
1737 3423 2125 3508 lapponicae
2140 3425 2270 3484 ad-

213 3505 289 3590 1¹¹
299 3511 459 3567 ncta
486 3508 861 3578 terminum
881 3506 1185 3572 nivalem
1210 3518 1476 3574 tantum
1498 3512 1662 3570 3300
1681 3527 1754 3589 p..
1774 3509 1863 3568 ad
1884 3509 2078 3568 Enon
2088 3504 2263 3571 tekis

215 3589 562 3650 elevatum
616 3609 762 3656 esse
798 3588 1082 3670 scripsi,
1125 3590 1298 3651 adeo
1336 3598 1413 3650 ut
1467 3587 1796 3650 distantia
1843 3587 2029 3648 inter
2068 3587 2260 3648 hunc

214 3666 595 3742 terminum
625 3681 692 3731 et
721 3669 1017 3752 terminu
1029 3691 1099 3740 m,
1121 3670 1425 3731 nivalem-
1448 3668 1553 3731 ibi
1576 3679 1843 3731 tantum
1869 3671 2026 3730 1500
2051 3668 2284 3749 pedes

211 3758 407 3813 esset.
448 3752 603 3812 Hoc
623 3750 908 3831 quidem
932 3751 1216 3816 certiori
1235 3749 1814 3817 determinatione
1841 3748 2042 3812 valde
2071 3758 2266 3833 egea

212 3829 498 3893 interim
535 3833 725 3893 haud
769 3832 1064 3896 dubium
1106 3842 1205 3895 est
1244 3834 1543 3894 calorem
1587 3831 1664 3894 in
1707 3827 2141 3892 convallibus
2190 3839 2297 3891 et'

211 3929 427 3992 supra
464 3911 833 3994 planitiem
867 3923 1162 3975 stantem
1200 3913 1533 3976 terminos
1571 3909 1943 3991 inferiores
1983 3917 2261 3992 vegeta-

212 3989 431 4062 tionis
453 3994 667 4064 etiam
695 3993 775 4064 in
792 3994 1155 4079 Lapponia
1183 3995 1485 4059 multum
1511 3994 1779 4057 elevare
1797 4036 1819 4074 2
1856 3994 1980 4059 sed
2006 3994 2097 4055 ad
2127 3998 2262 4066 ter-
