2799 4642
483 351 492 356 ¹
569 279 851 356 Lxxxu

1049 434 1204 496 1812
1247 429 1315 495 d.
1361 435 1437 497 13
1475 426 1650 495 suni
1696 432 1842 509 445
1878 432 2071 495 Ceut.

1084 549 1095 565 ·
1365 531 1441 575 ια
1473 515 1649 596 Aug.
1697 515 1842 579 ÷5.5
1877 516 2070 575 Cent.

1108 630 1136 660 ι
1366 612 1447 657 20
1479 596 1658 676 Sept.
1693 599 1838 673 -1-5.7
1866 597 2064 656 Ceut.

562 696 719 759 quae
780 671 1290 739 observationes
1351 683 1883 756 temperaturam
1938 677 2337 759 perpetuam
2394 675 2600 735 terrae

571 764 670 824 53
702 761 892 819 Cent.
931 755 1242 818 indicare
1282 754 1631 818 videntur.

479 834 485 840 ’
647 841 732 902 In
764 846 995 899 monte
1017 835 1288 901 Kamor
1311 832 2019 898 Abbatiscellanorum
2061 834 2218 896 fons
2251 828 2601 913 reperitur

564 938 777 1001 supra
818 916 1084 980 bovilia
1130 916 1493 979 inferiora
1521 917 1904 980 elevatione
1952 918 2109 993 4667
2154 932 2364 994 supra
2408 930 2601 972 mare

567 1017 971 1082 erumpens,
1009 997 1142 1078 qui
1180 999 1583 1060 ostendebat
1734 1000 1800 1059 d.
1821 1002 1902 1062 30
1921 998 1960 1060 J
1969 996 2096 1058 uni
2142 997 2290 1068 ÷4.3
2323 994 2517 1053 Ceut.
2631 1034 2637 1042 .

1852 1095 1887 1138 2
1915 1080 2099 1160 Sept.
2146 1076 2295 1150 454
2324 1075 2518 1133 Cent.

564 1160 757 1223 unde
780 1164 1242 1241 temperatura
1264 1164 1598 1241 perpetua
1632 1160 1731 1222 5.ο
1761 1161 1952 1219 Cent.
1985 1154 2269 1253 prodire
2301 1152 2602 1215 videtur.

652 1244 752 1303 Ex
792 1239 1054 1301 famosa
1095 1237 1449 1319 Spelunca
1486 1239 1720 1301 Laetis
1747 1239 1949 1300 Lunoe
1992 1258 2070 1300 m
2106 1243 2340 1297 monte
2366 1232 2600 1294 Pilato

567 1320 953 1383 elevatione
995 1322 1152 1382 5262
1193 1322 1454 1403 pedum
1493 1319 1704 1401 paris.
1738 1338 1947 1401 supra
1983 1336 2166 1380 mare
2215 1312 2468 1376 diffluit
2499 1311 2606 1374 ri-

568 1403 774 1463 vulus
805 1400 1169 1479 fontanus,
1211 1401 1337 1481 qui
1364 1402 1433 1461 d.
1467 1403 1539 1462 13
1576 1403 1751 1485 Aug.
1782 1414 1926 1476 ÷4.1
1963 1400 2154 1461 Cent-
2179 1403 2356 1474 erat,
2396 1402 2464 1455 et
2495 1392 2601 1455 sie

568 1491 1098 1564 temperaturam
1128 1490 1323 1545 terrae
1355 1499 1592 1543 versus
1619 1479 1914 1542 limitem
1939 1478 2185 1542 abietis
2213 1476 2292 1540 in
2319 1471 2601 1558 alpibus

569 1562 961 1626 minoribus
1003 1563 1363 1623 ostendere
1405 1559 1584 1622 mihi
1622 1560 1917 1623 videtur.
2374 1575 2375 1584 ¹

623 1638 713 1721 S.
752 1658 853 1721 94.
897 1640 1427 1717 Observationes
1462 1642 1690 1701 adhuc
1721 1640 1959 1702 allatas
1994 1635 2265 1701 institui
2303 1634 2380 1699 in
2413 1633 2606 1717 alpi-

570 1721 705 1785 bus
764 1719 1152 1783 minoribus
1198 1720 1309 1781 vel
1356 1718 1748 1801 subalpinis
1804 1718 2192 1797 montibus,
2245 1717 2371 1779 ubi
2430 1734 2606 1778 ano-

570 1799 801 1864 maliae
837 1801 927 1863 ob
951 1799 1142 1863 nives
1214 1819 1502 1862 erennes
1531 1799 2027 1880 incumbente8‚
2055 1799 2246 1862 haud
2273 1795 2602 1859 timendae

571 1890 757 1945 sunt.
834 1884 919 1944 In
960 1881 1159 1943 lateri
1212 1881 1291 1943 us
1334 1880 1600 1963 alpium
1646 1879 2137 1943 altissimarum
2180 1878 2421 1961 paullo
2470 1874 2606 1938 mi·

568 1980 815 2025 norem
858 1970 1386 2044 temperaturam
1428 1970 1623 2023 terrae
1663 1960 1910 2043 reperi.
1992 1962 2195 2041 Apud
2225 1957 2608 2041 Engelber-

571 2060 815 2125 genses
862 2050 991 2103 tres
1023 2040 1264 2120 fontes
1308 2060 1526 2121 prope
1577 2040 1859 2105 limitem
1909 2038 2145 2103 abietis
2191 2038 2302 2099 vel
2406 2037 2603 2099 aullo

569 2120 782 2184 altius
840 2121 1259 2203 profluentes
1326 2120 1576 2183 investi
1627 2121 1759 2183 avi.
1852 2120 2120 2183 Bovilia
2170 2118 2305 2181 ,Sta
2367 2115 2605 2198 elberg

569 2202 839 2263 bonum
879 2202 1138 2263 habent
1175 2201 1434 2263 fontem
1463 2204 1578 2278 534
1656 2202 1862 2284 pedes
1902 2220 2113 2283 supra
2153 2219 2342 2261 mare
2372 2207 2605 2260 scatu-
2691 2203 2695 2208 '

568 2278 897 2360 rientem,
941 2278 1137 2358 cujus
1164 2290 1625 2365 temperatura
1652 2292 1794 2344 erat
1817 2283 1883 2343 d.
1917 2301 1989 2360 17
2015 2283 2195 2364 Sept.
2227 2282 2374 2348 43.ss
2406 2281 2606 2364 Cent-

570 2363 817 2424 Adhuc
850 2361 1131 2441 melior,
1175 2362 1281 2424 uti
1313 2361 1619 2442 videtur,
1661 2362 1816 2425 fons
1844 2361 2186 2444 reperitur
2216 2364 2306 2422 ad
2335 2358 2606 2423 bovilia

571 2440 829 2505 Branni
886 2442 1065 2504 dicta
1116 2444 1275 2523 5754
1326 2444 1534 2524 pedes
1585 2442 1797 2526 supra
1849 2461 2068 2519 mare,
2112 2441 2308 2522 isque
2354 2440 2601 2525 paullo

570 2523 757 2584 ultra
793 2541 1144 2605 supremas
1184 2521 1440 2584 abietes
1493 2521 1701 2600 situs,
1756 2525 2157 2585 ostendebat
2194 2525 2260 2583 d.
2303 2542 2375 2601 ¹7
2415 2523 2603 2603 Sept.

573 2605 721 2679 -1-3.7
756 2605 948 2663 Cent.
986 2635 1070 2649 —
1121 2605 1205 2664 In
1254 2603 1410 2684 alpe
1430 2601 1904 2683 'Blancue—alp
1946 2602 2126 2664 dieta
2167 2602 2296 2664 sub
2339 2621 2609 2690 magno?

567 2681 804 2763 lapide
834 2681 1234 2745 Bitrenbnlm
1270 2682 1433 2762 5976
1468 2685 1676 2764 pedes
1713 2684 1923 2773 paris.
1968 2702 2180 2766 supra
2227 2703 2415 2744 mare
2455 2701 2603 2746 sea-

569 2761 948 2848 turiginem
987 2762 1262 2848 reperi,
1290 2783 1446 2846 quae
1487 2773 1634 2826 erat
1829 2764 1896 2825 d.
1924 2767 1996 2826 18
2017 2767 2193 2851 Aug.
2221 2780 2370 2843 429
2403 2766 2601 2826 Cent.

1918 2846 1993 2906 18
2013 2848 2194 2927 Sept.
2225 2848 2375 2906 43«)
2405 2845 2602 2905 Cent-

566 2921 734 2986 Haee
760 2920 1017 2986 eaeteris
1052 2921 1381 2987 omnibus
1403 2920 1812 2987 inferiorem
1838 2930 2370 3008 temperaturam
2398 2932 2600 2988 terrae

571 3002 751 3063 mihi
793 2999 1142 3065 offerebat.

650 3078 710 3163 S.
750 3086 851 3161 95.
891 3086 978 3146 In
1004 3082 1242 3146 Monte
1264 3081 1363 3146 St.
1388 3081 1749 3147 Gotthardi
1769 3081 2059 3164 ejusque
2078 3083 2338 3148 vicinia
2364 3082 2597 3148 fontes

565 3158 740 3223 honi
768 3162 991 3226 rarius
1027 3182 1381 3227 occurrere
1409 3164 1777 3227 videntur:
1810 3165 2043 3225 Unum
2073 3175 2336 3229 tantum
2360 3164 2600 3246 reperi

564 3260 820 3328 magna
845 3243 980 3305 fide
1014 3243 1304 3326 dignum
1337 3245 1575 3327 paullo
1611 3263 1822 3326 supra
1849 3243 2114 3307 bovilia
2140 3244 2480 3308 inferiora
2517 3244 2597 3306 in

563 3322 724 3404 alpe
767 3322 1116 3387 multoties
1159 3325 1437 3387 laudata
1481 3322 1850 3401 Rossboden
1898 3323 2119 3407 dieta,
2160 3325 2286 3407 qui
2329 3324 2409 3387 in
2456 3326 2600 3390 ele-

560 3400 841 3471 vatione
869 3405 1027 3485 6576
1051 3405 1554 3548 pedumdsulssr‘}
1570 3405 2094 3549 uliareggaburiz,
2134 3417 2201 3469 et
2228 3405 2366 3469 fuit

1338 3529 1357 3547 .
1402 3507 1430 3547 1
1560 3505 1602 3546 u
1637 3507 1664 3546 1
1709 3499 1759 3547 ÷
1797 3527 1814 3546 .
1943 3505 2027 3547 en

1285 3568 1356 3629 d.
1396 3571 1474 3629 23
1501 3567 1679 3650 Aug.
1700 3567 1846 3628 -ι-3.5
1881 3568 2074 3628 Cent.

556 3639 697 3706 Hic
747 3641 905 3706 fons
957 3649 1097 3708 tam
1156 3656 1581 3710 constantem
1638 3655 2165 3729 temperaturam
2221 3647 2597 3710 ostendens

556 3741 662 3785 eo,
701 3723 985 3800 majoris
1027 3727 1359 3790 momenti
1406 3734 1561 3807 est‚'
1593 3746 1748 3791 cum
1806 3727 2263 3790 elevationem
2317 3736 2596 3789 tantum

552 3803 797 3885 paullo
822 3803 957 3883 maj
967 3824 1156 3870 orem
1181 3828 1388 3890 quam
1407 3806 1804 3891 Hospitium
1818 3810 1910 3870 St.
1929 3803 2300 3901 §ottha'rdi
2317 3809 2593 3901 habeat,

555 3883 754 3960 eujus
791 3895 1320 3981 temperaturam
1353 3889 1533 3952 aeris
1563 3886 1915 3952 definitam
1938 3891 2354 3965 jamdudum
2393 3889 2592 3949 exht·

554 3958 861 4035 buimus.
899 3969 975 4030 Sl.
998 3981 1282 4056 propter
1307 3969 1760 4041 elevationem
1776 3967 2114 4048 majorem
2140 3966 2377 4049 fontis,
2416 3977 2588 4037 tem·
