2799 4642
917 231 939 271 δ
2017 276 2171 330 XCV

141 426 551 517 regionibus
573 424 866 490 inferius
887 424 1038 490 sitis
1066 429 1423 508 aequaliter
1449 428 1837 513 temperatis
1863 431 2179 495 humidi·-

141 522 352 576 tatem
396 509 747 592 copiosam
783 507 1063 589 accipit,
1106 523 1258 589 quae
1305 513 1394 571 ad
1431 512 1788 573 cacumina
1831 512 2176 575 montium

141 602 605 676 congregatur
631 600 697 651 et
731 589 1252 670 explosionibus
1282 590 1576 654 tonitrus
1610 592 1919 672 undique
1939 595 2178 675 praeci-

137 674 426 757 pitatur.
509 670 774 732 Exinde
829 666 904 730 fit
960 679 1034 729 ut
1089 680 1225 731 tam
1283 668 1627 733 fertilibus
1681 682 1746 734 et
1801 673 2174 757 pingvibus

138 754 416 839 pascuis
445 751 703 833 alpinis
735 750 1006 811 fruatur
1031 751 1344 813 Helvetia
1384 753 1730 835 praecipue
1765 755 2175 835 septentrio-

138 835 362 912 nalis,
405 851 706 912 quorum
741 830 1002 892 similia
1033 830 1151 893 vix
1186 833 1329 895 ulla
1374 828 1573 895 offert
1615 844 1790 894 terra
1835 853 2173 917 europaea.

139 916 272 980 Vix
308 915 546 992 itaque
586 912 863 989 dubito,
907 912 1081 991 quin
1119 914 1498 975 humiditas
1536 914 1713 976 acris
1748 914 1823 975 in
1858 917 2174 978 Helvetia

138 1005 204 1057 et
224 998 313 1056 ab
335 996 556 1073 altera
575 1003 767 1074 parte
787 993 1051 1054 siccitas
1073 994 1250 1056 aeris
1270 1014 1395 1076 per
1413 995 1667 1056 summi
1687 996 2173 1077 septentrionis

140 1086 442 1147 aestatem
465 1092 713 1156 magna
738 1072 827 1133 sit
851 1092 1052 1134 causa
1074 1074 1487 1138 diversitatis
1518 1076 2001 1159 vegetationis,
2036 1098 2175 1171 qua
2278 1113 2291 1138 ·.

139 1156 528 1239 explicatur
540 1163 910 1235 proventus
926 1154 1416 1235 vegetabilium
1439 1157 1837 1236 multorum,
1857 1177 2174 1236 quamus

139 1246 605 1320 temperatura
651 1234 962 1296 locorum
1011 1236 1473 1297 diversissima
1523 1239 1794 1298 obstare
1839 1237 2174 1299 videatur.

138 1321 236 1384 Ex
263 1336 481 1399 supra
507 1314 841 1396 explicata
870 1314 1259 1378 diversitate
1285 1318 1679 1399 plantarum
1708 1327 2013 1399 respectu
2037 1317 2172 1379 soli

136 1398 449 1461 vidimus
471 1395 808 1478 plurimas
821 1396 1089 1477 plantas
1111 1396 1445 1459 littorales
1471 1408 1539 1458 et
1566 1407 1968 1480 campestres
1997 1398 2176 1460 desi·

138 1477 379 1541 dei-ari
407 1477 484 1538 in
516 1475 861 1555 Helvetia,
890 1493 1183 1556 quarum
1216 1479 1447 1539 multae
1477 1499 1693 1558 usque
1721 1481 1809 1539 ad
1839 1478 2172 1551 Basileam

135 1570 412 1621 tantum
464 1558 922 1635 adscendunt,
977 1556 1130 1619 aliae
1179 1557 1409 1619 Rheni
1457 1579 1733 1620 cursum
1786 1570 2176 1638 sequuntur
2276 1591 2286 1599 ·

137 1655 367 1720 usque
409 1637 515 1698 ad
559 1636 1039 1717 Scaphusiam,
1098 1657 1332 1719 paucae
1383 1657 1599 1717 usque
1655 1641 1744 1700 ad
1796 1641 2051 1699 Badam
2106 1648 2173 1706 et
2282 1693 2293 1697 -

134 1719 536 1804 Legerberg
553 1720 971 1802 procedunt,
1011 1726 1131 1779 sed
1160 1718 1235 1778 in
1272 1730 1577 1780 centrum
1617 1720 1946 1782 Helvetiae
1983 1721 2172 1780 haud

133 1809 527 1884 penetrant.
608 1801 705 1860 Ex
763 1798 873 1859 his
929 1816 1073 1858 non
1136 1817 1371 1860 omnes
1420 1800 1753 1862 arenariae
1803 1809 1996 1877 sunt,
2047 1804 2171 1861 sed

137 1882 381 1943 multae
433 1897 712 1958 quoque
759 1877 838 1939 in
885 1877 1165 1961 argilla,
1208 1898 1345 1959 qua
1393 1880 1708 1941 Helvetia
1755 1898 1898 1941 non
1954 1890 2169 1962 caret,

137 1970 487 2039 crescunt,
530 1961 686 2021 aliae
724 1957 1245 2039 aquaticaesunt
1279 1979 1381 2021 ex.
1409 1980 1508 2043 gr.
1534 1964 1895 2039 Butomus‚
1937 1981 1992 2021 e.
2021 1981 2073 2021 s·
2109 1983 2172 2043 p.

138 2043 404 2106 Plantae
456 2040 662 2102 nobis
718 2048 1153 2121 campestres,
1211 2031 1378 2119 quasx
1424 2040 1808 2103 Helvetiam
1874 2041 2171 2121 intrant,

137 2125 557 2206 plerumque
590 2122 724 2181 alte
759 2119 1129 2203 admodum
1162 2119 1238 2180 in
1264 2122 1452 2215 alpes
1476 2121 1859 2182 Helveticas
1894 2122 2172 2183 adscen-

105 2224 114 2231 ·
141 2208 358 2280 dunt3
388 2202 541 2264 aliae
562 2210 924 2294 postquam
944 2220 1070 2280 per
1086 2202 1467 2263 Helvetiam
1492 2200 1893 2263 inferiorem
1916 2201 2174 2264 frustra

137 2282 451 2366 quaesitae
492 2291 689 2363 sunt,
730 2300 808 2343 m
842 2279 1118 2361 alpibus
1160 2280 1512 2344 altissimis
1548 2283 1981 2366 deteguntur.
2050 2283 2170 2369 *Sile

135 2369 229 2428 St.
273 2362 649 2426 Gotthardi
678 2361 790 2423 vel
822 2361 1023 2423 vallis
1055 2362 1349 2425 Ursariae
1390 2362 1649 2424 vicinia
1688 2361 1943 2444 plantis
1983 2382 2170 2425 cam

134 2443 489 2529 pestribus
515 2443 838 2524 pluribus
871 2443 1122 2527 gaudet
1153 2442 1231 2505 in
1257 2442 1528 2522 reliqua
1556 2443 1868 2504 Helvetia
1902 2454 2172 2525 septen-

133 2523 434 2588 trionali
488 2521 925 2602 desideratis,
967 2522 1314 2603 simulque
1361 2525 1438 2584 in
1490 2523 1962 2586 cacuminibus
2017 2521 2170 2601 ejus

133 2608 382 2691 plures
409 2613 719 2667 crescunt
739 2604 995 2698 plantas
1013 2603 1425 2686 Lapponicae
1446 2601 1762 2663 sicciores
1785 2623 1994 2684 quam
2018 2606 2167 2666 ullo

134 2687 288 2749 alio
322 2686 510 2767 loco,
550 2703 895 2768 praecipue
940 2682 1016 2744 in
1059 2682 1414 2745 cacumine
1453 2684 1800 2744 Isenstock
1832 2685 1942 2745 vel
1977 2686 2171 2765 Isenf

134 2766 496 2861 mansalp,
537 2785 692 2827 cum
729 2764 985 2845 quibus
1021 2782 1093 2824 se
1133 2764 1401 2824 mirum*
1431 2763 1506 2822 in
1552 2765 1837 2823 modum
1879 2763 2171 2826 miscent

133 2849 584 2928 semperviva
605 2847 894 2925 aliaeque
967 2844 1169 2906 lantae
1189 2843 1630 2905 Succulentae.
1662 2842 1912 2907 Salices
1936 2845 2171 2907 multae

134 2916 563 3010 Lapponicae
634 2925 710 2988 in
778 2923 921 3008 alpi
976 2944 1052 2986 us
1118 2921 1772 3005 septentrionalibus
1837 2924 2171 2987 Helvetiae

131 3008 403 3082 frustra
424 3006 724 3088 quaesitae
746 3005 821 3068 in
844 3005 1117 3091 alpibus
1137 3003 1663 3086 pedemontanis
1685 3012 1751 3064 et
1780 3003 2173 3071 sabaudicis

133 3088 497 3173 leguntur.
576 3090 798 3170 Fagus
834 3105 1070 3148 omnes
1098 3085 1442 3146 convalles
1468 3085 1673 3147 altius
1708 3104 1941 3146 versus
1973 3086 2173 3147 Gott-

134 3169 445 3231 hardum
477 3169 963 3247 adscendentes
1003 3165 1255 3227 mirum
1293 3167 1367 3227 in
1407 3167 1692 3226 modum
1725 3162 1936 3246 fugit,
1980 3168 2172 3243 quod

133 3248 403 3333 frigori
432 3246 687 3325 majori
709 3266 853 3309 non
889 3246 1103 3309 tribui
1134 3256 1387 3340 potest,
1422 3267 1578 3307 cum
1617 3246 2034 3307 Gotthardus
2072 3248 2173 3306 al-
2262 3250 2265 3253 ’

135 3328 804 3411 ῆοιιὶῐοιιιρεηιτυω
838 3337 1030 3390 terrae
1065 3336 1130 3388 et
1163 3328 1424 3409 plantis
1449 3325 1681 3387 multis
1718 3324 2170 3389 calidioribus

151 3418 158 3423 ’
203 3398 445 3497 „fide”
465 3420 679 3489 ¹quam
699 3409 1047 3495 pleraeque
1078 3406 1231 3469 aliae
1260 3409 1449 3489 alpes
1484 3428 1584 3468 ex.
1617 3427 1718 3490 gr.
1747 3407 2170 3468 Abbatiscel-

132 3424 403 3575 ΕΜ)
429 3488 558 3551 ubi
576 3492 799 3579 Pagus
811 3491 906 3552 ad
926 3496 1312 3550 consvetam
1334 3486 1771 3548 altitudinem
1793 3489 2173 3549 adscendit.

134 3570 521 3653 mquam
579 3569 832 3632 mirati-
854 3582 1128 3648 sumuS,
1171 3588 1377 3649 quam
1429 3588 1674 3649 parum
1719 3568 2028 3628 Cerealia
2090 3569 2169 3630 in

135 3646 442 3727 ἔθηκε
499 3649 829 3714 Helvetiae
851 3658 864 3661 “
885 3638 1443 3733 septentrionalis
1515 3649 1965 3726 adscendant,
2021 3666 2170 3711 non

133 3726 797 3809 ffljndmiratione
831 3729 1311 3813 comperimus,
1349 3748 1431 3790 ea
1470 3749 1686 3811 prope
1711 3729 2170 3790 Gotthardum

134 3802 326 3874 etin
361 3806 1071 3893 alpibus‘Sabaudicis
1107 3820 1173 3870 et
1205 3809 1731 3872 Pedemontanis
1766 3810 1856 3868 ad
1892 3819 2174 3889 stupen-

136 3894 300 3953 dam
327 3889 782 3954 elevationem
800 3893 908 3953 vel
932 3891 1074 3951 fere
1095 3890 1388 3950 terminu
1403 3890 1870 3952 mabietinum
1895 3888 2172 3950 adscen-

136 3973 329 4037 dere.
407 3975 671 4037 Pascua
704 3972 829 4036 illa
867 3968 1321 4056 pingvissima
1349 3970 1616 4054 alpium
1652 3969 1981 4035 Helvetiae
2022 3988 2171 4053 sep·
