2799 4642
429 243 456 256 A

619 236 865 289 Lxxvx

615 395 903 474 possunt
925 390 1311 451 ‘secundum
1353 389 1717 454 indicium
1742 390 1830 455 ab
1870 385 2225 472 utriusque
2265 389 2404 455 loci
2433 411 2647 475 vege-

542 501 548 513 =
616 470 874 532 tatione
903 471 1298 551 'comparata
1329 475 1738 535 desumtum.
1819 474 2134 538 Vidimus
2166 484 2329 536 tunc
2355 494 2642 537 curvam

613 548 1290 646 Peissenhergensem
1345 551 1486 614 fere
1548 564 1736 615 tanto
1798 554 2110 618 latiorem
2168 573 2311 616 esse
2373 565 2640 634 quanto

611 631 1223 694 Stoekholmiensis
1268 632 1475 694 altior
1521 644 1638 696 est.
1688 636 1929 698 Paullo
1971 632 2255 715 quidem
2300 632 2642 711 majorem

611 729 844 773 aream
873 711 1171 776 includit
1195 713 1838 793 Stockholmiensis‚
1881 726 1947 777 et
1974 713 2176 777 nobis
2205 735 2483 795 quoque
2519 717 2642 776 ad-

615 794 898 856 modum
915 792 1280 875 probabile
1300 802 1394 856 est
1419 793 1566 869 ejus
1586 794 2081 879 vegetationem
2115 795 2467 857 meliorem
2493 815 2641 856 esse

611 873 958 968 praecipue
1001 895 1106 936 res
1160 884 1304 935 ectu
1357 876 1831 955 productionis
1877 875 2285 938 Cerealium.
2366 879 2465 938 Ex
2509 877 2641 956 hac

612 974 691 1016 in
736 954 1060 1016 omnibus
1126 974 1239 1015 ere
1276 954 1484 1016 obvia
1527 953 2007 1018 convenientia
2038 959 2521 1037 'temperatur-33
2559 955 2640 1019 in·

609 1033 1111 1118 vegetationem
1146 1031 1434 1097 efficacis
1481 1034 1925 1098 confirmatur
1965 1038 2372 1114 admodum,
2430 1036 2640 1097 clima

610 1116 976 1197 vegetandi
1010 1118 1195 1177 haud
1232 1115 1555 1178 aestimari
1584 1136 1780 1198 posse
1819 1119 2197 1180 secundum
2226 1135 2429 1177 unam
2463 1117 2641 1177 alte-

611 1215 844 1257 ramve
879 1198 1229 1258 arborem:
1272 1195 1715 1279 Peissenberg
1747 1199 1964 1280 sylvis
1997 1195 2290 1279 fagineis
2320 1197 2640 1276 undique

611 1286 919 1354 ornatur,
941 1275 1165 1357 iisque
1187 1278 1364 1338 ultra
1389 1277 1580 1339 mille
1594 1281 1798 1361 pedes
1816 1277 2020 1339 altius
2041 1276 2638 1358 adscendentibus,

613 1377 770 1419 cum
798 1367 1035 1419 cont-ra
1058 1360 1279 1453 Fagus
1300 1359 1516 1440 ionge
1546 1358 1729 1422 infra
1757 1356 2301 1428 Stockholmiam
2335 1368 2562 1419 cesset.

693 1434 751 1517 S.
796 1441 894 1500 85.
939 1441 1109 1500 Cum
1148 1458 1297 1515 Jam
1328 1438 1730 1518 viderimus,
1767 1447 2295 1521 temperaturam
2332 1437 2406 1499 in
2428 1457 2635 1521 vege·-

610 1519 943 1581 tationem
989 1515 1328 1581 efficacem
1376 1522 1565 1599 quod
1613 1523 1700 1582 ad
1741 1520 2187 1600 quantitatem
2230 1523 2423 1580 suam
2466 1537 2636 1579 con-

611 1598 849 1660 venire
887 1599 964 1659 in
1000 1598 1287 1661 diversis
1318 1600 1536 1678 terriS‚
1566 1600 1690 1661 ubi
1716 1600 2051 1681 vegetatio
2084 1607 2381 1679 respectu
2409 1617 2640 1677 quan-

517 1737 522 1740 ,
613 1677 824 1739 titatis
869 1698 1148 1758 quoque
1191 1681 1585 1759 conveniat,
1627 1678 2207 1762 modificationem
2251 1688 2476 1739 tamen
2527 1677 2638 1740 di-

613 1778 877 1821 versam
912 1758 987 1819 in
1020 1769 1473 1841 temperatura
1508 1759 1866 1841 utriusque
1896 1772 2091 1822 terrae
2125 1779 2317 1837 aeque
2345 1758 2636 1822 existere

616 1859 694 1901 ae
717 1838 796 1901 in
828 1838 1286 1922 vegetatione,
1330 1840 1513 1901 nihil
1548 1838 1773 1921 aptius
1812 1860 1956 1902 esse
1984 1841 2197 1923 possit
2225 1859 2441 1919 quam,
2471 1859 2635 1901 cau-

609 1939 757 1982 -sam
808 1919 1073 1981 diverse
1110 1916 1512 1984 modificatae
1543 1921 1987 2001 vegetationis
2017 1920 2093 1981 in
2121 1918 2637 1984 diversitatibus

615 2010 1088 2081 temperaturae
1130 2020 1453 2080 quaerere.
1535 2004 1708 2062 Area
1755 2022 1796 2063 a
1842 2020 2048 2063 curva
2095 2000 2467 2061 Ursariana
2521 1997 2638 2061 in-

615 2081 802 2143 clusa
852 2082 1068 2142 multo
1117 2081 1353 2159 latior,
1395 2101 1554 2142 area
1601 2092 1826 2142 autem
1869 2079 2366 2143 Enontekensis
2411 2080 2636 2141 multo

614 2158 821 2222 altior
864 2171 995 2238 est,
1037 2160 1111 2222 id
1154 2171 1252 2223 est
1280 2160 1643 2242 temperies¹
1679 2162 2051 2223 Ursariana
2096 2162 2314 2222 multo
2359 2159 2636 2220 diutur-

615 2240 779 2302 nior
806 2252 936 2320 est,
978 2243 1474 2304 Enontekensis
1501 2263 1664 2304 vero
1688 2244 1905 2304 multo
1936 2232 2248 2303 calidior.
2294 2263 2295 2266 ¹
2330 2242 2482 2301 Hoc
2509 2242 2636 2316 ade

614 2323 898 2393 modum
942 2325 1305 2403 respondet
1338 2319 1718 2386 diversitati
1762 2321 2242 2407 vegetationis:
2283 2319 2360 2382 in
2397 2331 2635 2383 nostra

532 2479 535 2482 ⁴
612 2404 713 2464 su*
745 2423 821 2464 ra
843 2403 1149 2465 exhibita
1171 2403 1498 2492 empirica
1515 2399 2057 2500 expositioneffi.
2073 2400 2206 2483 51.)
2229 2401 2637 2482 reperimus,

613 2502 694 2544 ar
790 2503 891 2545 res
932 2484 1332 2565 plantasque
1371 2505 1588 2569 magis
1630 2494 2233 2566 sempervirentes,
2278 2502 2432 2561 quae
2472 2483 2635 2543 diu-

615 2562 751 2625 tius
791 2574 856 2624 et
903 2565 1162 2626 tardius
1203 2585 1285 2626 ve
1334 2577 1552 2644 etant,
1595 2565 1799 2626 altius
1830 2565 2241 2633 adscendere
2280 2572 2346 2622 et
2380 2563 2634 2624 melius

613 2643 980 2724 provenire
995 2665 1226 2707 versus
1249 2665 1285 2706 a
1319 2666 1435 2727 pes
1463 2645 1877 2722 Helveticas;
1920 2654 2154 2707 contra
2168 2660 2328 2703 vero
2347 2645 2634 2706 arbores

612 2724 956 2787 frondosa-2
988 2725 1354 2788 frondibus
1371 2725 1811 2790 mollioribus
1827 2726 1933 2787 vel
1956 2734 2030 2785 ut
2049 2724 2144 2784 ita
2168 2723 2389 2784 dicam
2409 2723 2633 2806 magis

610 2804 960 2868 herbaceis
996 2806 1297 2887 praeditae
1344 2806 1548 2867 altius
1591 2809 1971 2889 procedunt
2012 2823 2246 2864 versus
2280 2822 2635 2864 summum

608 2887 1144 2966 septentrIOnem
1177 2883 1268 2966 (S.
1300 2885 1455 2966 50.).
1496 2938 1497 2941 ,
1534 2889 1685 2949 Jam
1724 2886 1855 2980 Q
1886 2885 2165 2964 quidem
2197 2884 2633 2944 observatum

611 2964 764 3043 fuit,
797 2968 1073 3028 arbores
1096 2966 1462 3028 frondibus
1484 2967 1643 3049 >latis
1671 2964 2319 3047 sempervirentibus
2346 2965 2634 3025 donatas

610 3054 874 3107 tantum
931 3060 1285 3109 occurrere
1325 3047 1402 3108 in
1446 3048 1640 3111 terris
1682 3043 2240 3121 australioribuS‚
2279 3042 2403 3117 ubi
2463 3052 2635 3104 tem-

609 3126 834 3210 peries
865 3125 1264 3188 diuturnior
1304 3137 1370 3188 et
1405 3126 1621 3208 magis
1655 3125 1937 3206 aequalis
1959 3144 2081 3205 per
2116 3142 2436 3206 magnam
2472 3144 2634 3204 par·

611 3219 750 3268 tem
791 3207 962 3268 anni
1004 3207 1376 3288 reperitur3
1420 3207 1625 3268 etiam
1673 3207 1748 3268 in
1796 3204 2108 3267 Helvetia
2149 3204 2300 3266 llex
2340 3198 2639 3285 Aqutfo-

613 3287 787 3348 lium
833 3288 1384 3353 alte'admodum
1427 3285 1816 3364 adscendit,
1859 3306 2016 3347 eum
2071 3304 2302 3346 versus
2354 3296 2635 3366 septen-

611 3368 909 3451 trionem
941 3366 1228 3430 nonnisi
1254 3370 1342 3431 ad
1367 3387 1521 3429 oras
1554 3367 1836 3429 extimas
1868 3364 2242 3428 maritimas
2274 3364 2637 3448 Norvegiae.

611 3467 906 3511 crescere
942 3448 1156 3530 possit
1189 3447 1313 3509 ubi
1342 3448 1600 3530 pariter
1634 3457 2089 3528 temperatura
2124 3444 2368 3508 aestatis
2397 3444 2636 3506 minus

609 3526 995 3608 inaequali&
1078 3531 1336 3614 FaguS,
1382 3529 1727 3608 Cratoegus
1769 3522 1931 3590 Aria
1985 3523 2332 3607 (alpina),
2388 3524 2634 3607 Ligus·

610 3619 797 3671 trum
837 3619 963 3672 etc.
1015 3607 1189 3686 ‚folia
1236 3611 1493 3670 habent
1536 3612 1630 3689 *ad
1672 3609 2275 3690 semper-virentem
2311 3617 2634 3667 naturam

610 3689 830 3774 magis
871 3683 1259 3752 accedentia
1300 3710 1509 3770 quam
1545 3682 1798 3751 Betulae
1840 3687 2042 3766 folia,
2085 3686 2380 3766 ideoque
2422 3684 2633 3778 etiam

609 3770 829 3852 magis
857 3768 1185 3833 fruuntur
1208 3771 1663 3853 temperatura
1691 3769 2126 3832 diuturniore
2161 3778 2227 3829 et
2254 3786 2309 3830 ae
2364 3765 2631 3857 ualiore

613 3851 836 3931 qualis
877 3862 975 3913 est
1016 3850 1092 3918 in
1130 3851 1550 3927 Helvetia,et
1589 3850 1796 3913 etiam
1835 3851 1923 3912 ad
1975 3868 2160 3910 mare
2208 3846 2285 3908 in
2384 3846 2631 3908 ahusia

612 3933 1124 4016 Norvegiaque,
1180 3952 1389 4014 quam
1454 3931 1676 3996 calore
1739 3929 1892 4009 illo,
1921 3928 2122 4015 citius
2162 3927 2522 4007 accedente
2565 3930 2636 3990 et
