2799 4642
598 305 812 357 Lv111

593 461 748 540 ciae,
783 455 1190 523 Succulenta
1220 457 1697 541 semperviva,
1739 452 2121 518 Discoideae
2161 458 2286 516 etc.
2368 457 2629 517 Contra

591 555 772 607 terra
812 541 964 624 ipsa
1009 541 1086 603 in
1143 539 1535 623 subalpinis
1583 549 1648 599 et
1698 534 1957 620 alpinis
1998 533 2376 620 Lapponiae
2435 535 2628 611 miste

586 624 1053 707 spectaculum
1070 620 1458 719 plurimum
1480 622 1761 704 praehet,
1785 616 1910 684 ubi
1937 615 2147 680 aridae
2167 619 2631 680 Andromedae

592 727 751 781 cum
817 702 1235 774 Lichembus
1298 705 1386 771 de
1497 700 1839 783 rinncipatu
1899 710 2186 777 certant,
2244 709 2311 760 et
2371 718 2627 780 pascua

591 806 822 849 macra
875 795 1146 849 tantum
1192 785 1274 849 in
1332 805 1422 869 pa
1456 781 1691 847 udosis
1760 778 2204 863 reperiuntur
2267 777 2629 842 Caricibus

592 867 788 931 duris
830 864 1114 952 repleta.
1835 869 1839 874 '

589 1060 1032 1136 Diversitas
1076 1061 1551 1160 plancarum
1613 1056 2207 1131 Helvetia-ariam·
2252 1066 2328 1125 ec
2374 1052 2626 1128 81)εοὶ-

1153 1176 1430 1234 car-'um
1486 1174 1839 1257 respecta
1884 1157 2057 1232 soli.
2509 1194 2514 1197 -

678 1293 769 1378 ·.§
813 1313 911 1375 74.
972 1298 1126 1359 Jam
1185 1295 1265 1359 in
1334 1293 1895 1363 antecedentibus
1948 1290 2254 1355 vidimus
2316 1287 2624 1353 Sveciam

588 1377 1067 1441 australiorem
1091 1377 1487 1458 plantarum
1512 1374 1998 1457 campestrium
2020 1374 2368 1441 borealem
2393 1382 2625 1433 autem

588 1461 983 1542 plantarum
1027 1459 1525 1540 paludosarum
1567 1458 1787 1518 multo
1824 1453 2227 1516 feraciorem
2270 1471 2410 1514 esse
2453 1452 2625 1514 Hel-

588 1541 790 1602 vetia.
834 1542 1032 1601 Hanc
1055 1558 1198 1602 rem
1230 1537 1520 1600 ulterius
1547 1535 1875 1620 prosequi
1908 1534 2147 1614 utique
2167 1533 2400 1610 juvat,
2430 1536 2626 1613 quod

589 1630 821 1680 autem
849 1618 1078 1699 aptius
1113 1616 1266 1678 fieri
1296 1640 1437 1680 non
1469 1627 1688 1699 potest
1715 1635 1924 1696 quam
1960 1615 2055 1676 ita
2092 1626 2165 1676 ut
2192 1615 2445 1696 plantae
2473 1634 2627 1676 sve-

591 1699 751 1761 cicae
793 1698 870 1760 in
922 1696 1238 1759 Helvetia
1271 1699 1380 1759 vel
1435 1696 1725 1759 omnino
1776 1695 2171 1759 desideratae
2220 1693 2330 1754 vel
2375 1694 2623 1757 saltem

589 1778 959 1843 rarissima!
998 1778 1377 1841 secundum
1414 1779 1645 1840 solum
1669 1766 2043 1859 hisponere
2077 1795 2445 1854 conemur,
2489 1777 2626 1838 hoc

593 1860 738 1923 fere
779 1860 1011 1923 modo.
2061 1872 2072 1877 -
2605 1898 2608 1901 ,

660 1936 1113 2022 x1)Plantoe
1159 1938 1411 1998 salsoe
1465 1936 1594 1998 vel
1648 1936 2133 1997 lictor-ales.
2192 1935 2616 2000 Salicornia.

591 2021 878 2101 Scir-pus
926 2018 1309 2082 maritimus
1351 2028 1420 2079 et
1464 2025 1770 2080 setaceus
1824 2014 1987 2096 (qui
2036 2026 2263 2077 tamen
2313 2016 2388 2079 in
2446 2020 2622 2080 Ger-

591 2102 828 2163 mania
878 2107 1282 2181 campestres
1335 2095 1704 2160 facti²sunt
1744 2109 2082 2179 etversus
2125 2096 2457 2177 Basileam
2496 2101 2621 2160 ad-

591 2184 951 2244 scendunta
997 2178 1193 2258 Cous.
1217 2177 1483 2243 Gaudin
1512 2180 1849 2260 agros'tol.
1881 2196 1937 2241 2.
1964 2197 2033 2255 p.
2059 2176 2375 2260 28—34.).
2418 2180 2621 2242 Plan-

593 2272 769 2345 tago
818 2261 1171 2328 maritima
1214 2271 1281 2324 et
1322 2259 1740 2339 Coronopus.
1821 2261 2320 2339 Potamogeton
2358 2262 2620 2324 mariti-

593 2364 802 2407 mum.
857 2344 1146 2422 Ruppia.
1200 2341 1528 2404 Samolus
1558 2341 1945 2404 Valerandi.
1991 2338 2223 2402 Glaux
2243 2343 2617 2408 maritima.

595 2422 1545 2504 Chenopodium'maritimum
1574 2433 1639 2483 et
1656 2420 2016 2503 Atriplz'ces
2038 2422 2291 2503 plures.
2332 2422 2622 2510 Salsolng
2649 2478 2658 2484 .

592 2506 756 2567 nali.
786 2504 1220 2585 Ligusticum
1241 2505 1607 2566 scoticum.
1631 2501 1885 2566 Ramex
1911 2503 2314 2564 maritimus.
2344 2503 2618 2585 Triglo-

596 2585 754 2648 chin
781 2587 1225 2646 maritimum.
1306 2583 1578 2646 Elatiae
1599 2578 2070 2645 Alsinastrum.
2153 2577 2481 2646 Arenaria
2509 2606 2619 2666 pe·
2663 2625 2687 2653 s

593 2666 879 2747 ploide5.
905 2666 1323 2729 Cochlearioe
1346 2673 1414 2727 et
1433 2660 1741 2746 Lepidia.
1774 2664 2025 2727 Bunias
2055 2661 2304 2726 Canile.
2337 2664 2615 2729 Crambe

591 2748 965 2809 maritima.
1045 2747 1273 2809 Pisum
1318 2748 1763 2807 maritimum.
1838 2741 2195 2810 Artemisia
2246 2749 2618 2809 maritima.

589 2826 778 2891 Λείαν
804 2826 1218 2910 Tripolium.
1300 2827 1615 2888 Zostera.
1702 2827 1920 2889 Car-ex
1954 2828 2306 2888 maritima
2329 2868 2348 2902 ,
2390 2848 2617 2892 norve-

587 2910 758 2989 gica
797 2918 923 2971 etc.
1002 2907 1176 2971 Aliae
1231 2906 1486 2989 plantae
1534 2906 1867 2970 littorales
1911 2908 2165 2969 Sveciae
2216 2908 2294 2967 in
2345 2912 2624 2992 Europa

587 2989 820 3051 media
847 2987 1164 3069 undique
1183 2989 1393 3070 longe
1419 3006 1630 3069 supra
1656 2988 1893 3050 littora
1933 2988 2142 3048 maris
2179 2988 2625 3069 reperiuntur

589 3090 693 3132 ex.
723 3090 827 3153 gr.
848 3069 1182 3133 Gentiana
1196 3069 1678 3144 Centaurium‚
1706 3067 2132 3149 Ηίρρορήαἰὲ
2168 3068 2623 3146 νήαιηηοίἅεε,

571 3151 847 3233 Juncus
865 3149 1210 3233 glaucus,
1252 3150 1696 3214 understatim
1728 3160 2011 3231 apparet
2038 3151 2159 3210 has
2183 3150 2454 3228 plantas
2475 3172 2624 3214 nou

587 3241 857 3293 tantum
901 3241 1184 3314 propter
1220 3229 1322 3292 sal
1366 3229 1717 3291 marinum
1758 3231 1991 3302 littora
2041 3229 2250 3290 maris
2292 3239 2624 3308 quaerere.

585 3313 687 3374 Ex
709 3331 924 3393 supra
945 3309 1364 3379 enumeratis
1391 3308 1649 3392 plantis
1666 3330 1943 3390 quoque
1960 3311 2083 3391 plu
2096 3332 2196 3371 res
2221 3305 2291 3371 in
2319 3310 2629 3394 regioni-

584 3394 717 3455 hus
759 3410 971 3473 quam
1018 3392 1313 3454 maxime
1359 3392 1853 3474 campestribus
1895 3391 2137 3474 procul
2189 3411 2230 3451 a
2269 3391 2626 3455 littoribus

591 3473 804 3534 maris
826 3483 1145 3542 crescunt
1170 3492 1273 3534 ex.
1295 3492 1396 3567 gr.
1424 3470 1831 3553 Triglochin
1856 3473 2275 3534 maritimum
2305 3485 2369 3533 et
2389 3473 2625 3535 Glaux

586 3554 940 3615 maritima
973 3551 1270 3635 Upsaliae
1307 3574 1382 3615 m
1428 3567 1624 3636 prato
1661 3554 1891 3636 regio,
1934 3557 2124 3633 quod
2149 3575 2327 3635 aqua
2352 3554 2627 3622 marina

554 3653 857 3715 ‘semper
896 3636 1195 3697 caruisse
1239 3633 1548 3712 videtum
1590 3644 1888 3697 attamen
1933 3638 2188 3698 eaedem
2226 3639 2332 3697 hae
2414 3637 2623 3699 lantae

588 3718 676 3777 ad
708 3715 896 3798 ipsas
922 3734 1136 3796 aquas
1162 3713 1421 3778 salinas
1452 3715 1796 3777 montium
1821 3715 2333 3781 Helveticorum
2399 3727 2629 3782 rustra

585 3804 1018 3876 quaeruntur.
1099 3797 1208 3858 Ad
1265 3795 1523 3868 salinas
1577 3807 1806 3859 autem
1862 3805 2270 3881 campestres
2324 3796 2501 3858 Asiae
2559 3805 2630 3860 et

524 3909 527 3914 ·
586 3875 834 3939 Africa!
866 3876 1133 3956 ubique
1173 3886 1506 3939 crescunt.
1588 3877 1774 3940 Hinc
1814 3880 2155 3942 concludo
2196 3876 2402 3942 clima
2436 3898 2627 3939 cam·

584 3965 811 4043 pestre
858 3956 972 4020 his
1019 3955 1241 4041 magis
1290 3957 1750 4021 necessarium
1806 3980 1949 4022 esse
1996 3980 2204 4040 quam
2252 3958 2480 4039 ipsum
2521 3958 2625 4020 sal

586 4036 975 4119 marinum,
1016 4048 1085 4101 et
1116 4040 1206 4100 ad
1245 4037 1481 4102 littora
1517 4038 1727 4105 maris
1769 4063 1897 4105 nec
1932 4061 2077 4106 non
2120 4040 2195 4103 in
2238 4037 2626 4124 provinciis
