2799 4642
563 284 836 337 XLVIII

562 438 800 509 Svecia
827 437 1013 503 infra
1044 438 1419 503 terminum
1450 445 1489 504 J
1495 440 1817 527 u'glandis
1842 441 2296 519 descendenS‚
2338 437 2414 502 in
2438 440 2598 502 Helu

563 521 759 582 vetiae
788 521 1067 603 alpibus
1096 520 1239 583 fere
1263 521 1447 584 inter
1470 524 1664 586 nives
1686 526 2156 606 subperennes
2187 521 2595 584 continetur.

558 601 679 664 Sic
706 601 909 662 etiam
941 595 1196 665 Azalea
1225 603 1715 683 procumbens,
1756 604 2118 668 Serv-alula
2152 602 2431 682 alpina,
2473 604 2594 663 Po-

562 681 1350 777 lygonumviviparum,
1391 685 1831 749 Ranuneulus
1859 685 2195 767 glacialis
2219 695 2342 745 etc.
2378 683 2594 743 multo

567 782 802 824 minus
857 766 1282 826 descendunt
1334 785 1420 828 ex
1468 767 1800 829 Helvetiae
1861 767 2160 850 alpibus·
2239 759 2402 826 Aira
2451 760 2597 823 sub-
2623 826 2626 835 ,

556 845 839 924 spicata
875 843 949 907 in
976 844 1291 907 Helvetia
1314 846 1690 909 terminum
1724 847 2024 910 nivalem
2053 845 2447 924 relinquere
2481 842 2599 905 vix
2625 844 2632 883 ²

561 944 762 1007 posse
806 924 1117 1002 videtur,
1160 946 1286 988 nec
1331 927 1409 988 id
1459 937 1538 992 ut
1585 948 1667 990 ex
1710 929 2158 1009 sequentibus
2204 924 2467 1008 patebit
2506 896 2640 1009 obl

562 1006 863 1068 calorem
907 1005 1220 1067 noxium.
2637 1014 2642 1041 ²

2641 1068 2647 1091 ⁴

649 1082 710 1168 S.
753 1089 852 1149 51.
894 1084 999 1164 II)
1040 1086 1320 1150 Plantas
1362 1090 1434 1150 in
1460 1088 1805 1153 Helvetioe.
1838 1086 2114 1171 alpibus
2147 1090 2391 1153 melius
2426 1104 2598 1149 cres·
2645 1126 2653 1207 ἱ

568 1177 787 1231 centes
830 1169 1072 1229 eodem
1117 1173 1327 1232 modo
1370 1170 1806 1233 considerare
1846 1173 2031 1235 licet.

652 1247 745 1332 A)
788 1248 1042 1310 Plantoe
1078 1250 1148 1311 in
1174 1250 1505 1315 Helvetia
1525 1253 1738 1314 altius
1766 1273 2001 1315 versus
2029 1253 2216 1334 alpes
2244 1250 2353 1312 vel
2390 1249 2467 1313 in
2503 1251 2602 1313 al*-
2655 1264 2658 1277 ·

570 1350 692 1413 pes
720 1329 1208 1393 adscendentes
1234 1352 1456 1413 quam
1472 1333 1548 1395 in
1576 1350 1848 1396 summo
1869 1354 1941 1397 se
1993 1334 2369 1411 tentrione‚
2405 1342 2599 1395 sunt:

580 1410 686 1491 ιο)
726 1411 1279 1491 Sempervirentes
1320 1412 1425 1475 vel
1458 1415 1702 1478 saltem
1718 1357 2098 1493 fronffi'bus
2135 1412 2597 1476 tenacioribus

572 1490 872 1576 pr'oeditoe
934 1490 1207 1556 arbores
1262 1503 1329 1557 et
1363 1492 1674 1572 frutices
1727 1505 1839 1557 ut:
1880 1497 2080 1557 Pinus
2126 1495 2354 1571 abies,
2398 1494 2598 1555 Pinus

572 1575 821 1654 picea,
865 1573 1216 1655 Cratoegus
1257 1570 1420 1637 Aria
1459 1578 1925 1655 helvetorum‚
1963 1571 2134 1639 Acer
2184 1575 2602 1653 Pseudopla-

573 1663 817 1729 tanus,
857 1653 1243 1717 Sambucus
1292 1656 1971 1734 racemosa,·=Fagus
2018 1655 2409 1735 sylvatica‚
2451 1656 2604 1716 llex

573 1730 1014 1818 Aquzfolium
1038 1773 1058 1809 ,
1098 1733 1318 1795 Bubus
1344 1734 1782 1814 fruticosa-5,
1827 1734 2197 1796 Viburnum
2234 1736 2605 1810 Lantana‚
2695 1784 2700 1801 ψ

558 1814 859 1894 Daphne
908 1813 1340 1891 Mezereum‚
1395 1817 1748 1897 Polygala
1799 1814 2328 1894 chamoebuxm,
2391 1816 2607 1879 Cistus
2701 1858 2704 1867 ·

574 1894 1148 1960 Helianthemum
1187 1907 1253 1957 et
1290 1897 1661 1961 oelandiens
1696 1905 1817 1958 etc.
1857 1930 1941 1942 -
1985 1897 2093 1978 20)
2133 1898 2395 1959 Planta:
2448 1917 2611 1978 pra·
2703 1934 2708 1959 1

573 1986 787 2047 tenses
868 1976 1161 2057 raecipue
1197 1976 1331 2038 soli
1365 1976 1674 2041 siccioris
1710 1987 1774 2038 et
1810 1977 2028 2060 magis
2063 1976 2465 2060 campestris
2504 1987 2611 2038 utt

575 2054 793 2138 Anthy
828 2057 913 2118 lis
980 2056 1388 2119 Vulneraria
1411 2099 1431 2134 ,
1498 2058 1796 2139 Thymus
1857 2056 2258 2138 Serpyllum
2280 2100 2301 2136 ,
2364 2059 2613 2121 Salvia

574 2141 948 2219 pratensis,
976 2138 1416 2219 Planlagines
1442 2137 1583 2201 fere
1613 2157 1884 2217 omnes,
1912 2137 2257 2200 Scabiosa:
2279 2181 2299 2211 ‚
2332 2140 2613 2202 Galium

575 2218 916 2300 Mollugo
952 2227 1074 2280 etc.
1118 2219 1452 2282 Gramina
1492 2221 1708 2282 multa
1743 2219 1927 2280 inter
1959 2238 2115 2298 quae
2147 2220 2451 2283 Sesleria
2489 2242 2615 2283 coe-

577 2300 816 2376 malea,
858 2297 1138 2362 Nat-dus
1188 2303 1468 2376 stricta3
1512 2302 1750 2365 Orchis
1788 2300 2100 2361 ustulata
2138 2310 2204 2361 et
2248 2303 2613 2378 mascula,
2697 2306 2698 2309 ’

585 2380 802 2447 Care-x·
823 2382 1166 2463 sylvatica
1186 2392 1254 2444 et
1272 2402 1592 2463 proeeox,
1614 2382 1984 2445 Valeriana
2000 2381 2239 2443 dioiea
2256 2424 2276 2458 ,
2301 2384 2616 2446 Primula

572 2463 869 2539 elatior,
909 2461 1134 2526 Silene
1162 2473 1446 2540 nutans,
1491 2463 1796 2527 Carduus
1819 2463 2132 2536 annulis,
2169 2463 2617 2526 Thalictrum

582 2542 1199 2623 aquilengolinm‚
1244 2544 1677 2623 Campanula
1724 2543 2159 2630 glomerata,
2206 2543 2617 2610 orobanche

578 2623 999 2700 communis,
1045 2624 1297 2687 Crocus
1341 2644 1576 2688 vernus
1620 2634 1686 2687 et
1736 2623 2138 2688 Colchieum
2197 2627 2620 2690 autumnale

501 2747 511 2753 -
576 2704 951 2783 multaeque
1000 2704 1179 2769 aliae.
2044 2779 2052 2791 ,

662 2784 750 2865 Β)
792 2788 930 2847 Nec
982 2786 1464 2849 desiderantur
1529 2787 1782 2849 Plantoe
1837 2784 2089 2867 alpinoe
2157 2786 2232 2847 in
2290 2785 2624 2852 Helvetia

576 2864 862 2946 longius
899 2866 1092 2944 infra
1133 2869 1327 2949 alpes
1365 2868 1824 2932 descendentes
1862 2888 2071 2946 quam
2106 2865 2186 2929 in
2220 2871 2625 2951 Lapponia,

570 2967 735 3026 *quae
760 2945 978 3030 igitur
999 2948 1271 3012 climate
1297 2950 1539 3031 alpino
1564 2949 1893 3011 Helvetiae
1919 2945 2138 3045 magis
2170 2951 2629 3013 delectantur.

582 3026 805 3110 Dryas
845 3031 1250 3109 oetopetala
1278 3041 1343 3094 et
1371 3030 1773 3111 Saxifraga
1802 3028 2303 3108 opposztlfolia
2334 3042 2401 3093 et
2428 3033 2629 3112 Ping-

581 3109 819 3171 vicula
864 3109 1106 3190 alpina
1151 3112 1227 3174 in
1273 3113 1634 3195 Lapponia
1667 3109 1783 3172 vix
1822 3108 2005 3171 infra
2051 3109 2421 3192 regionem
2462 3115 2633 3176 sub·-

577 3191 885 3252 nivalem
915 3193 1433 3272 descendentes,
1476 3191 1789 3270 undique
1820 3188 2270 3272 reperiuntur
2306 3193 2386 3254 in
2418 3194 2634 3277 petris

578 3273 941 3354 sylvarum
999 3273 1530 3358 subalpinarum
1589 3271 1917 3334 Helvetiae
1973 3290 2075 3332 ex.
2140 3291 2248 3353 gr.
2317 3273 2398 3336 in
2454 3275 2633 3361 jugo

581 3352 842 3416 montis
865 3354 1223 3439 Rossberg.
1283 3351 1693 3418 Alchemilla
1723 3353 1970 3431 alpina
1998 3351 2324 3432 undique
2354 3357 2637 3421 descen-

584 3434 689 3494 dit
729 3437 1065 3515 usquein
1101 3439 1369 3519 sylvam
1410 3430 2137 3520 fagineam-Helvetiae.
2222 3434 2638 3523 Saxffraga

582 3514 884 3579 aizoides
925 3518 1015 3578 ad
1051 3516 1423 3600 Juglandis
1468 3514 1839 3578 terminum
1885 3513 2266 3578 descendit.

669 3596 804 3659 Hic
838 3598 1111 3678 plantas
1144 3598 1422 3678 utrique
1457 3607 1652 3658 terrae
1689 3613 2087 3659 communes
2131 3606 2408 3659 tantum
2451 3621 2644 3662 com-

586 3677 985 3760 paravimus
1027 3698 1110 3741 eo
1150 3678 1448 3741 consilio
1488 3686 1563 3740 ut
1596 3674 2138 3739 similitudinem
2171 3683 2537 3758 quandam
2580 3679 2645 3745 si

585 3759 739 3821 fieri
761 3758 976 3842 possit
998 3760 1477 3858 reperiremus.
1557 3756 1753 3819 Nihil
1780 3765 2022 3849 autem·
2040 3760 2267 3841 magis
2298 3759 2644 3826 idoneum

583 3855 685 3904 est
740 3842 830 3902 ad
884 3840 1258 3924 imaginem
1321 3836 1775 3927 vegetationis
1834 3842 2368 3920 exprimendam
2432 3863 2645 3923 quam

574 3926 845 4007 plantae
886 3922 1197 4003 utrisque
1227 3918 1338 3984 his
1375 3921 1574 3984 terris
1610 3917 1935 4003 propriae.
2013 3919 2170 3978 Hae
2205 3940 2377 3983 vero
2417 3924 2648 3988 consi-

589 4005 1023 4067 derabuntur
1076 4001 1431 4089 aptissime
1492 4000 1872 4067 secundum
1933 3996 2227 4063 ordines
2283 4009 2648 4070 naturales

586 4088 1010 4169 plantarum.
