2799 4642
582 263 681 338 80
1362 257 1833 292 &OQ——

660 423 838 499 Hah.
881 428 1147 481 tantum
1190 419 1266 481 in
1310 420 1601 483 summis
1641 419 1916 501 alpibus
1962 419 2487 484 Gotthardianis
2544 434 2613 486 et

738 501 1411 585 Engelbergensibus
1469 504 1598 562 sub
1661 502 1953 562 limitem
2010 502 2241 584 ipsum
2298 504 2607 567 nivalem

740 584 922 660 inter
966 581 1157 643 nives
1200 601 1535 662 perennes
1592 599 1800 661 supra
1858 600 2020 660 7400
2060 584 2320 665 pedum
2377 585 2616 645 eleva⁴

740 664 1001 730 tionem
1031 660 1201 722 locis
1227 660 1527 722 madidis
1550 660 1689 721 sere
1723 660 2016 741 ubique:
2059 684 2159 723 ex.
2189 684 2289 744 gr.
2313 662 2388 726 in
2414 664 2610 726 Ross-

738 743 970 806 boden
1014 755 1078 801 et
1120 741 1714 803 Rossbodenstock
1746 744 1926 802 ultra
1968 742 2262 803 limitem
2301 744 2604 806 nivalem

741 824 1200 898 adscendens,
1283 819 1357 883 in
1425 822 1804 900 lsenstock‚
1885 823 1962 883 in
2037 825 2476 885 Gallenstock
2540 836 2609 885 et

741 907 996 997 Furca,
1050 904 1137 963 ad
1177 901 1623 965 Wendistock
1667 911 1733 962 et
1771 905 2189 965 Rothestock
2230 906 2608 989 Engelber-

792 1004 1085 1046 ensium.
2422 1014 2428 1020 ·

658 1006 898 1130 Plggnta
943 1061 1253 1142 undique
1289 1071 1458 1123 tecta
1486 1063 1928 1143 pubescentia
1969 1063 2372 1126 brevissima
2409 1066 2607 1150 glan·

582 1151 846 1210 dulosa.
930 1144 1224 1205 Habitus
1289 1153 1467 1203 totus
1524 1143 1607 1202 de
1663 1155 1883 1204 cetero
1939 1147 2425 1226 praecedentis,
2487 1146 2606 1209 eui

584 1228 879 1290 maxime
922 1221 1166 1285 affinis.
1250 1223 1480 1283 Petala
1521 1237 1843 1304 angusta,
1884 1226 2443 1305 acuta‚.luteola‚
2487 1228 2608 1289 vix

580 1325 891 1389 unquam
921 1306 1153 1387 calyce
1194 1302 1515 1386 longiora
1554 1305 1886 1384 optimam
1927 1308 2237 1386 praebent
2273 1302 2606 1368 differen-

581 1391 778 1465 tiam3
834 1396 900 1447 et
935 1387 1150 1447 -ssores
1206 1383 1455 1448 exinde
1496 1383 1672 1447 Sedo
1715 1384 1987 1447 cuidam
2030 1386 2290 1448 luteolo
2333 1386 2599 1450 similes

580 1471 903 1531 evadunt.

583 1627 722 1700 446.
761 1621 1259 1686 SAXIFRAGA
1340 1622 1675 1683 muscoi
1685 1619 1820 1684 des
1899 1617 2088 1683 foliis
2172 1620 2601 1689 radicalibus

824 1700 1349 1799 conglomeratis
1380 1700 1737 1782 tripartitis
1762 1701 2279 1780 linearibusque
2297 1704 2561 1786 'glabris
2580 1751 2602 1786 ‚
2708 1776 2717 1784 .

825 1780 1481 1922 floribusbpatulis,
1563 1782 1806 1863 petalis
1886 1783 2285 1844 lanceolatis
2315 1795 2322 1799 ”
2356 1785 2604 1869 ,calyce

822 1866 940 1927 lon
995 1863 1127 1924 iori
1183 1882 1279 1922 us·
1435 1875 1438 1880 “

738 1948 807 2007 S.
840 1887 1218 2008 muffcoides
1244 1940 1482 2006 Willd.
1509 1954 1685 2017 spec.
1708 1942 1929 2019 plant.
1947 1959 2003 2004 2.
2021 1958 2090 2018 p.
2112 1937 2253 2006 656.
2295 1941 2598 2007 Decand.

807 2025 896 2101 fl.
921 2025 1170 2106 franc.
1211 2045 1277 2084 n.
1313 2025 1490 2087 3538.
1575 2020 1863 2099 VVuIsen
1906 2024 1974 2081 in
2003 2024 2260 2103 jacqu.
2304 2026 2500 2085 misc.
2539 2046 2600 2089 2.

820 2121 890 2183 p.
922 2102 1051 2169 125.
1081 2102 1362 2180 Haller.
1386 2123 1605 2163 enum.
1637 2121 1704 2180 p.
1727 2102 1867 2181 405.
1889 2122 1951 2161 η.
1982 2114 2071 2177 17.
2114 2102 2344 2163 histor.
2367 2125 2434 2164 η.
2457 2109 2598 2186 988.

740 2190 807 2260 β.
851 2184 1245 2246 moschata:
1286 2182 1532 2266 petalis
1557 2184 1790 2262 calyce
1827 2182 1941 2243 vix
1968 2183 2405 2265 longioribus
2441 2189 2606 2246 sub-

829 2264 1199 2409 trigerviis.
1248 2265 1316 2328 S.
1357 2263 1704 2326 moschata
1746 2260 1984 2327 Willd.
2039 2281 2217 2342 spec.
2270 2265 2493 2342 plant.
2538 2287 2599 2332 2.

821 2363 894 2424 p.
966 2347 1063 2413 56.
1499 2392 1504 2400 .

662 2427 839 2489 Hah.
873 2427 949 2487 in
972 2425 1246 2508 alpibus
1272 2423 1621 2487 nivalibus
1645 2423 1990 2501 omnibus,
2020 2424 2191 2487 locis
2218 2424 2505 2505 petrosis
2535 2437 2602 2490 et

744 2507 1171 2588 rupestribus
1195 2505 1454 2584 ubique
1470 2550 1488 2580 ‚
1530 2525 1631 2564 ex.
1647 2522 1746 2583 gr.
1776 2503 1852 2564 in
1869 2506 2089 2566 Pilato
2112 2507 2241 2567 auf
2255 2508 2410 2566 dem
2427 2510 2599 2569 Leib

744 2587 1058 2667 alibique
1100 2585 1410 2668 copiose,
1467 2586 1542 2646 in
1586 2585 1887 2649 culmine
1934 2585 2185 2646 montis
2229 2589 2479 2666 Lunae,
2522 2590 2600 2650 in

741 2667 1197 2729 Hoeh-Sentis
1224 2665 1520 2745 aliisque
1552 2665 2141 2726 abbatiscellaneis
2170 2666 2479 2748 alpibus,
2523 2671 2601 2732 in

739 2746 1409 2831 Engelbergensibus
1440 2756 1506 2806 et
1539 2745 1904 2806 Gotthardi
1933 2745 2256 2808 omnibus
2300 2750 2602 2811 cacumi-

737 2829 947 2890 nibus
989 2849 1030 2890 a
1066 2834 1223 2889 6000
1245 2828 1501 2908 pedum
1529 2823 1895 2886 altitudine
1935 2845 2151 2906 usque
2180 2829 2268 2889 ad
2302 2827 2601 2892 limitem

740 2909 1043 2969 nivalem
1085 2908 1366 2986 ubique.

662 2990 857 3050 Folia
890 2990 1051 3050 satis
1091 3000 1321 3049 tenera
1356 2995 1421 3049 et
1454 2983 1529 3046 in
1568 2981 1737 3046 meis
1774 2983 2269 3065 speciminibus
2308 2986 2598 3050 omfi'ino

579 3070 843 3150 glabra.
924 3071 1157 3131 Flores
1210 3066 1466 3149 patuli,
1526 3067 1616 3126 ob
1660 3067 1884 3145 petala
1939 3076 2261 3148 angusta,
2304 3069 2599 3147 luteola,

581 3149 870 3210 discreta
910 3170 1157 3231 parum
1198 3145 1576 3227 conspicui.
1658 3146 2105 3208 Pubescentia
2140 3148 2355 3210 caulis
2399 3161 2463 3209 et
2496 3169 2601 3210 ca-

578 3229 758 3312 lycis
801 3229 1232 3306 brevissima,
1274 3225 1745 3305 inconspicua.

665 3315 731 3384 β.
780 3310 1008 3391 potius
1056 3319 1264 3370 status
1323 3307 1656 3377 macerior
1699 3307 1788 3366 ob
1830 3305 2058 3366 locum
2102 3304 2604 3372 inconvenien-

581 3398 754 3467 tem,
798 3410 1005 3468 quam
1046 3389 1301 3471 species
1346 3387 1613 3448 diversa
1654 3404 1793 3447 esse
1837 3385 2022 3446 mihi.
2054 3385 2348 3447 videtur.

582 3535 723 3597 447.
764 3519 1262 3582 SAXIFRAGA
1358 3519 1820 3593 coespitosa
1901 3514 2093 3576 foliis
2175 3514 2600 3578 radicalibus

821 3596 1348 3682 conglomeratis
1394 3596 1641 3658 trifidis
1688 3597 2603 3678 glanduloso-pubescenti-

819 3683 983 3752 hus,
1026 3679 1312 3741 floribus
1344 3677 1741 3756 urceolatis‚
1783 3676 2026 3757 petalis
2063 3678 2605 3759 oblongo-dila-

822 3762 973 3823 tatis
1017 3758 1278 3821 obtusis
1322 3759 1557 3840 calyce
1596 3757 2057 3843 longioribus.

739 3841 803 3902 S.
839 3841 1188 3923 eaespitosa
1217 3839 1408 3900 Lirm.
1450 3858 1623 3901 svec.
1665 3860 1728 3898 η.
1768 3840 1904 3913 576.
1991 3838 2272 3898 Gunner.
2302 3856 2492 3896 norv.
2534 3856 2600 3895 n.

826 3925 999 3997 1047.
1058 3929 1103 3981 C.
1145 3937 1206 3995 7.
1248 3919 1324 3997 s.
1360 3922 1419 3983 'o'-
1459 3924 1522 3998 4.
1604 3915 1959 3983 Wahlenb.
2016 3918 2299 3996 lappon.
2359 3936 2428 3977 re..
2463 3933 2607 3980 220.

819 4001 1097 4072 Halter.
1121 4001 1353 4062 histor.
1382 4020 1448 4062 n.
1482 4000 1621 4080 989.
1647 4020 1866 4064 enum.
1894 4019 1963 4083 p.
1991 4000 2132 4081 40¹3.
2173 4017 2238 4060 n.
2282 3995 2376 4059 16.
2465 4022 2468 4025 “
