2799 4642
609 309 877 358 LXVIII

695 459 755 560 5.
797 467 894 527 80.
939 464 1135 524 Hanc
1183 460 1766 544 computationem
1815 459 2135 544 attentius
2190 461 2624 547 inspicientes

617 565 975 622 miramur,
1001 555 1134 604 tam
1155 563 1430 624 parvam
1456 563 1596 605 esse
1613 538 2069 605 differentiam
2094 542 2276 605 inter
2294 567 2628 610 summam

622 636 686 687 et
731 623 1040 687 infimam
1087 635 1607 704 temperaturam
1655 622 2198 703 uniuscujusque
2255 627 2397 687 diei
2455 629 2630 691 cirea

614 705 981 769 solstitium
1025 706 1419 785 hybernum
1461 710 1694 785 utpote
1736 704 1848 766 vix
1890 709 1926 766 3
1969 706 2159 785 grad.
2201 717 2443 768 centes.
2486 706 2631 770 effi·
2730 719 2740 734 ⁸

617 787 941 860 cientem;
984 805 1136 854 cum
1170 793 1407 845 contra
1441 784 1617 845 circa
1652 784 2022 845 solstitium
2063 784 2361 847 aestivale
2396 791 2631 851 eadem

615 863 1002 928 differentia
1034 865 1360 925 increscat
1397 864 1536 924 fere
1571 865 1657 925 ad
1695 885 1766 924 ιο
1793 867 1983 947 grad.
2010 866 2352 928 centesim.
2399 872 2633 952 Longe

537 982 540 986 ·
612 947 822 1010 aliam
882 959 947 1007 et
999 944 1137 1005 fere
1193 945 1605 1006 contrariam
1657 944 2177 1026 proportionem
2232 946 2308 1008 in
2358 967 2627 1011 summo

610 1026 1075 1109 septentrione
1120 1025 1205 1085 ad
1265 1024 1639 1085 Enontekis
1695 1026 2005 1086 obtinere
2060 1024 2383 1088 vidimus.
2477 1032 2626 1093 Hoc

613 1108 895 1186 quidem
944 1106 1036 1166 ita
1088 1104 1573 1186 explicandum
1625 1124 1767 1166 esse
1819 1116 2157 1186 putamus.
2243 1108 2482 1171 Hiems
2550 1110 2624 1171 in

612 1186 924 1249 Helvetia
967 1187 1164 1246 valde
1201 1184 1575 1263 tranquilla
1613 1185 1958 1265 simulque
1995 1187 2368 1249 admodum
2406 1192 2626 1251 nebu-

610 1269 757 1331 losa
795 1280 892 1329 est
923 1266 1264 1348 praecipue
1300 1267 1384 1326 ad
1425 1264 1791 1327 solstitium
1835 1267 2157 1348 hyemale
2198 1277 2264 1328 et
2304 1268 2625 1351 inprimis

610 1348 690 1410 in
718 1347 1147 1410 convallibus
1171 1356 1405 1407 ventos
1427 1344 1943 1407 excludentibus
1965 1349 2085 1408 sed
2115 1349 2332 1409 nubes
2359 1370 2628 1411 conser-

531 1503 538 1504 ἶ
608 1429 950 1491 vantibus·
1030 1430 1292 1489 Scimus
1347 1438 1573 1487 autem
1623 1446 1707 1486 ex
1753 1425 2348 1490 observationibus
2389 1434 2624 1492 Enon-

609 1510 1004 1570 tekensibus
1075 1518 1312 1567 ventos
1373 1508 1555 1567 solos
1634 1517 2157 1587 temperaturam
2231 1510 2622 1589 hyemale'm

608 1599 873 1652 mutare
903 1589 975 1647 in
1013 1606 1282 1647 summo
1314 1588 1798 1666 septentrione,
1828 1586 1952 1646 ubi
1973 1588 2218 1669 hyems
2246 1589 2466 1649 ventis
2501 1593 2625 1651 ad-

607 1671 891 1729 modum
922 1679 1220 1727 vexatur.
1263 1669 1490 1726 Nubes
1528 1683 1803 1745 quoque
1833 1664 2221 1745 frequentes
2249 1663 2623 1732 efficaciam

603 1748 771 1810 solis
820 1745 1156 1827 impedire
1218 1744 1291 1804 in
1349 1747 1658 1806 convalle
1706 1745 2068 1807 Turicensi
2169 1766 2244 1808 er
2290 1767 2361 1809 se
2415 1763 2621 1831 patet.

603 1827 818 1891 Porro
863 1826 1319 1908 comperimus
1365 1845 1448 1886 ex
1494 1824 2087 1888 observationibus
2188 1827 2623 1894 uticensibus

606 1903 1068 1970 differentiam
1111 1906 1289 1967 inter
1340 1915 1863 1988 temperaturam
1905 1925 2250 1970 summam
2295 1918 2362 1970 et
2406 1910 2624 1972 mini-

603 2009 786 2051 mam
827 1988 1148 2049 diurnam
1206 1985 1578 2047 increscere
1626 1988 1861 2048 eadem
1902 1988 2367 2069 proportione
2393 2009 2476 2052 ac
2514 1990 2620 2053 sol

600 2068 804 2130 altius
838 2069 1173 2146 elevatur,
1216 2069 1386 2127 adeo
1421 2074 1497 2125 ut
1529 2067 1616 2125 ad
1645 2065 2459 2145 aequinocfiumfvernale
2494 2071 2623 2134 cir-

597 2148 766 2210 citer
804 2168 837 2225 7
876 2150 1065 2230 grad.
1095 2157 1336 2208 centes.
1373 2142 1620 2207 efficiat
1644 2149 1852 2241 plane
1888 2157 1964 2208 ut
1997 2149 2623 2229 ad‘aequinocti‘um

598 2228 1029 2307 autumnale,
1085 2227 1295 2306 idque
1340 2227 1491 2288 sine
1534 2237 1801 2300 ratione
1849 2227 2320 2309 temperaturae
2367 2230 2622 2296 medie

595 2309 795 2372 valde
824 2307 1105 2371 diversae
1123 2353 1141 2387 ‚
1186 2329 1336 2402 quae
1371 2317 1670 2390 tempore
1691 2306 2091 2389 aequinoctii
2116 2310 2316 2373 verni
2344 2320 2621 2376 tantum

597 2393 636 2451 6
719 2393 859 2451 rad.
900 2400 1073 2451 cent.
1114 2387 1420 2472 attingit,
1461 2408 1612 2450 cum
1655 2391 1783 2449 sub
1816 2385 2033 2449 finem⁴
2060 2391 2474 2471 septembris
2509 2393 2621 2457 vel

592 2489 672 2532 su
762 2468 1253 2549 aequinoctium
1291 2469 1687 2530 autumnale
1716 2470 1942 2530 adhuc
1982 2474 2115 2531 12.6
2152 2474 2344 2553 grad.
2370 2484 2620 2537 servet.

590 2548 973 2632 Incipiente
1011 2569 1240 2610 mense
1275 2548 1460 2625 Majo
1500 2551 1645 2611 haec
1686 2545 2075 2611 differentia
2116 2553 2336 2613 multo
2389 2554 2616 2632 major

590 2640 688 2691 est
729 2648 933 2710 quam
982 2631 1110 2690 sub
1159 2628 1436 2689 initium
1497 2629 1822 2710 Augusti,
1879 2650 2299 2712 quamquam
2353 2642 2614 2732 tempe·

586 2719 818 2772 ratura
853 2710 1077 2770 media
1107 2710 1394 2792 Augusti
1436 2709 1575 2770 fere
1610 2714 1641 2770 5
1680 2713 1869 2793 grad.
1904 2710 2111 2772 altior
2144 2713 2232 2779 sit
2261 2733 2473 2792 quam
2511 2737 2615 2777 in-

583 2790 880 2872 cipiente
915 2789 1117 2865 Majo.
1161 2795 1256 2851 Ex
1279 2790 1387 2851 his
1419 2791 1892 2851 concludimus
1916 2785 2377 2855 differentiam
2413 2795 2613 2858 illam

584 2889 905 2931 macnam
953 2871 1154 2930 unice
1193 2871 1578 2951 dependere
1620 2890 1661 2930 a
1702 2872 1927 2931 calore
1963 2871 2179 2932 solari
2221 2875 2483 2938 reflexo
2517 2876 2613 2938 si-

497 3000 501 3005 .
583 2970 695 3010 mu
732 2970 865 3029 que
901 2949 1203 3024 inclus03
1248 2952 1588 3011 convalles
1620 2950 1805 3010 enim
1838 2950 2133 3012 calorem
2166 2952 2472 3016 solarem
2506 2956 2611 3019 in-

580 3029 869 3092 cludunt
915 3039 978 3090 et
1023 3039 1275 3113 augent
1318 3029 1753 3090 omnino'uti
1795 3030 2149 3112 Apricaria
2186 3034 2610 3099 hortulano-

580 3130 772 3191 rum,
810 3109 974 3192 quia
1013 3110 1231 3172 exitus
1271 3109 1521 3171 caloris
1565 3109 1823 3170 nullibi
1872 3110 2231 3192 reperitur.
2272 3114 2608 3179 Putamus

574 3190 790 3286 igitur
828 3191 1034 3252 situm
1076 3189 1312 3252 Turici
1345 3190 1691 3252 inclusum
1735 3200 1800 3251 et
1842 3200 2076 3253 ventos
2122 3192 2608 3260 excludentem

572 3272 784 3334 slmul
835 3268 1131 3350 efficere,
1174 3279 1246 3331 ut
1286 3280 1739 3352 temperatura
1771 3269 2046 3353 hyemis
2092 3269 2281 3346 justo
2319 3275 2602 3356 minor,

576 3360 1029 3433 temperatura
1070 3362 1296 3413 autem
1338 3350 1583 3412 aestatis
1624 3349 1810 3425 justo
1854 3349 2079 3427 major
2106 3349 2242 3413 fiat
2282 3368 2605 3440 respectu

572 3431 975 3493 elevationis
1017 3432 1207 3492 urbis
1236 3430 1444 3506 hujus
1478 3451 1686 3512 supra
1724 3450 1940 3509 mare,
1982 3441 2048 3491 et
2073 3429 2222 3507 ejus
2251 3443 2605 3517 tempera-

567 3523 792 3573 turam
832 3530 958 3595 pro
998 3511 1374 3573 universali
1417 3511 1491 3572 in
1535 3511 2080 3591 illaelevatione
2116 3530 2309 3592 aeque
2336 3535 2601 3595 parum

563 3592 783 3674 accipi
810 3612 1007 3674 posse
1034 3612 1111 3653 ac
1139 3592 1287 3667 ejus
1309 3591 1665 3674 vegetatiO.
1749 3592 1971 3652 Multo
2002 3594 2219 3679 magis
2239 3595 2603 3660 credimus

563 3674 782 3734 multa
848 3675 999 3735 loca
1067 3673 1774 3734 Abbatiscellanorum
1840 3671 2059 3756 magis
2125 3672 2600 3741 universalem

561 3761 1084 3835 temperaturam
1125 3764 1188 3813 ct
1230 3752 2115 3835 vegetationemexhibere.
2418 3810 2423 3811 ff
2472 3812 2475 3815 ,

638 3830 698 3913 §-
741 3837 839 3896 81.
883 3833 1134 3915 Optavi
1168 3833 1455 3913 quidem
1490 3834 1928 3894 vehementer
1960 3844 2036 3895 ut
2067 3832 2597 3900 ohservationes

555 3913 773 3990 bonas
826 3913 903 3975 in
946 3918 1101 3977 loco
1150 3914 1447 3978 calorem
1494 3914 1792 3976 solarem
1840 3932 1985 3979 non
2033 3913 2130 3977 ita
2177 3915 2597 3983 includente

2269 4157 2294 4180 ἱ
