2799 4642
595 151 622 174 Χ

648 234 822 285 xcn

639 410 851 473 supra
888 407 1092 450 mare.
1173 386 1303 450 Die
1331 392 1411 449 30
1442 386 1728 468 Augusti
1765 405 2001 448 omnes
2031 394 2298 450 montes
2332 387 2417 449 ad
2448 388 2666 454 Wild-

633 474 815 532 ‘haus
848 467 1581 550 Toggenburgensium
1627 486 1805 529 nova
1851 465 2009 528 nive
2052 487 2269 546 usque
2308 468 2491 529 infra
2527 480 2663 530 ter-

640 551 911 615 minum
968 548 1131 629 Fagi
1178 549 1475 609 obtectos
1518 546 1686 609 vidi.
1765 546 1897 608 Die
1946 568 2016 627 ¹9
2062 549 2477 631 Septembris
2536 550 2662 618 nix

639 631 916 713 copiosa
943 629 1187 690 cecidit
1222 627 1425 689 etiam
1457 626 1639 690 infra
1664 626 2030 690 terminum
2057 626 2253 712 Fagi,
2297 639 2362 690 et
2402 627 2660 704 abietes

635 712 799 775 nive
835 711 1189 793 congelata
1222 718 1499 769 onustas
1539 728 1662 788 per
1700 708 1931 789 plures
1973 710 2117 770 dies
2153 708 2320 769 vidi.
2403 709 2536 770 Die
2579 712 2655 773 25

634 791 1051 873 Septembris
1085 789 1207 849 nix
1239 788 1483 850 cecidit
1517 788 1590 849 in
1623 787 1770 869 ipsa
1799 789 1975 849 valle
1995 787 2435 852 Hasliana‘ad
2455 794 2658 871 Mey-

633 874 908 955 ringen.
990 873 1229 948 Itaque
1278 889 1402 951 per
1454 879 1658 930 totam
1715 879 2008 932 aestatem
2057 888 2415 947 nunquam
2470 872 2656 932 ultra

631 964 768 1026 tres
817 951 1275 1014 hebdomades
1319 968 1500 1011 nova
1546 948 1706 1009 nive
1754 949 2059 1010 liberatae
2111 947 2392 1010 fuerunt
2441 949 2654 1031 alpes.

632 1031 733 1096 Ex
770 1030 995 1093 diario
1036 1030 1566 1111 meteorologieo
1608 1031 1696 1090 ad
1735 1029 2133 1111 Hospitium
2167 1031 2259 1090 St.
2284 1030 2655 1092 Gotthardi

630 1112 808 1174 facto
844 1110 1335 1193 intelligimus,
1386 1109 1582 1171 omni
1625 1118 1849 1173 aestate
1888 1109 2118 1170 nivem
2162 1110 2399 1171 saltem
2434 1111 2648 1180 semel

630 1196 873 1257 cadere
913 1209 1335 1270 unoquoque
1369 1209 1620 1251 mense.
1703 1189 1878 1283 Quis
1913 1190 1990 1250 in
2021 1190 2375 1270 Lapponia
2407 1190 2651 1253 vivens

628 1275 766 1338 tale
811 1271 982 1352 quid
1030 1270 1447 1333 somniaret?
1486 1274 1868 1350 Botamcus
1922 1270 1998 1329 in
2042 1270 2403 1352 Lapponia
2447 1283 2649 1352 pere-

628 1354 914 1441 grinans
963 1372 1087 1434 per
1126 1353 1312 1434 alpes
1361 1351 1802 1413 circumerrat
1844 1370 1971 1432 per.
2024 1349 2326 1431 integros
2377 1369 2644 1413 menses

627 1432 926 1499 tentorio
961 1451 1087 1493 suo
1122 1431 1262 1493 levi
1290 1430 1540 1493 culices
1573 1440 1834 1492 tantum
1872 1437 2213 1492 avertente
2248 1439 2643 1511 contentus,

627 1537 671 1578 a
699 1515 867 1577 eoelo
905 1512 1084 1574 nihil
1121 1522 1464 1588 metuens3
1505 1532 1659 1572 cum
1688 1521 1926 1573 contra
1947 1512 2306 1573 Botan'icus
2333 1512 2642 1578 helvet'us

626 1616 752 1689 per
779 1612 989 1654 unam
1017 1593 1385 1653 alteramve
1412 1600 1681 1653 noctem
1714 1590 1790 1652 in
1817 1591 2091 1672 alpibus
2106 1609 2540 1687 permanenS‚
2568 1611 2642 1655 se

577 1689 584 1697 ⁴
625 1695 745 1737 vix
777 1672 938 1734 satis
978 1690 1291 1732 securum
1334 1680 1525 1752 putet
1567 1670 1642 1733 in
1681 1670 1969 1735 stabulis
2016 1670 2158 1734 ilhs
2203 1669 2493 1751 lapideis
2541 1672 2641 1735 al..

623 1752 816 1840 pinis
857 1760 1093 1814 contra
1130 1751 1530 1814 violentiam
1575 1751 1996 1837 grandinum
2036 1762 2105 1815 et
2141 1764 2529 1815 ventorum.
2570 1771 2575 1798 ³
2616 1779 2652 1844 »χ

687 1906 945 1991 §.103.
986 1905 1178 2001 Quin
1217 1912 1408 1994 tanta
1446 1904 1799 1969 diversitas
1836 1915 2289 1970 meteororum
2325 1908 2413 1969 ad
2440 1926 2639 1990 vege-

622 1992 952 2054 tationem
983 1992 1318 2048 diversam
1357 1987 1651 2048 multum
1687 1986 2024 2068 conferat,
2068 1987 2355 2052 minime
2380 1998 2483 2049 est
2512 1993 2640 2052 du·-

507 2085 514 2092 ·
598 2070 1010 2147 *abitandum.
1087 2070 1174 2130 In
1216 2066 1492 2162 alpibus
1522 2066 1933 2149 Lapponicis
1974 2078 2343 2150 perpetuus
2382 2068 2532 2133 dies
2571 2080 2637 2133 et

621 2153 749 2215 lux
772 2148 1015 2210 solaris
1049 2167 1283 2230 paucls
1312 2144 1570 2228 pluviis
1598 2156 1665 2209 et
1699 2148 1912 2209 nullis
1944 2149 2222 2211 nivibus
2249 2148 2638 2233 interrupta

621 2228 863 2308 efficit,
911 2238 987 2289 ut
1031 2230 1308 2290 arbores
1348 2226 1571 2292 laetius
1602 2226 1908 2313 vigentes
1948 2228 2098 2291 sine
2135 2225 2634 2311 impedimento

617 2331 855 2375 versus
909 2309 1096 2391 alpes
1146 2307 1563 2370 adscendant
1607 2317 1674 2369 et
1716 2308 2003 2391 propius
2050 2330 2283 2373 versus
2337 2308 2636 2375 limitem

619 2393 923 2457 nivalem
962 2388 1398 2472 perveniant3
1437 2391 1556 2450 sed
1603 2391 1897 2452 brevitas
1929 2390 2176 2452 aestatis
2220 2390 2449 2453 statim
2500 2395 2636 2456 te'r*

618 2472 890 2537 minum
925 2469 1137 2532 fixum
1174 2467 1589 2563 vegetationi
1623 2470 2034 2551 praeseribit,
2072 2473 2246 2533 adeo
2284 2479 2360 2533 ut
2395 2474 2637 2536 termi-

614 2573 791 2620 num
831 2550 1135 2615 nivalem
1170 2570 1288 2615 le
1325 2561 1652 2633 superent
1685 2551 1938 2634 plantae
1979 2551 2160 2616 ullae.

694 2705 756 2790 5.
803 2725 935 2786 104.
979 2711 1233 2770 Contra
1252 2707 1327 2770 in
1350 2705 1627 2790 alpibus
1650 2707 2016 2772 Helveticis
2039 2707 2161 2772 nix
2181 2729 2359 2771 nova
2381 2709 2632 2773 cadens

605 2789 693 2855 :in
729 2800 910 2852 terra
946 2789 1227 2868 quidem
1256 2791 1445 2849 nuda
1474 2786 1675 2850 citius
1701 2808 1907 2869 quam
1936 2790 2308 2852 credideris
2336 2791 2636 2853 solvitur

609 2871 723 2932 vel
752 2870 1120 2942 evanescit,
1160 2870 1279 2931 sed
1302 2868 1532 2933 nivem
1561 2870 1947 2951 hyemalem
1979 2873 2204 2933 adhuc
2223 2891 2634 2953 permanen-

557 2996 559 3000 >
605 2960 749 3019 ‘tem
791 2949 1079 3013 omnino
1121 2957 1475 3011 conservat
1511 2947 1589 3009 in
1622 2947 1825 3027 locis,
1860 2949 1986 3013 ubi
2023 2953 2212 3015 calor
2250 2952 2498 3014 solaris
2529 2952 2632 3013 di-

606 3041 832 3094 rectus
856 3034 1102 3113 parum
1124 3024 1453 3092 efficax‘et
1480 3038 1706 3092 noctes
1726 3027 2120 3115 frigidiores
2139 3042 2320 3094 sunt.
2361 3033 2628 3095 Exinde

609 3107 721 3188 fit,
764 3120 841 3172 ut
883 3111 1095 3192 placae
1135 3108 1398 3173 nivales
1428 3109 1660 3171 'multo
1699 3111 1980 3196 longius
2021 3112 2206 3174 infra
2250 3113 2630 3175 terminum

604 3191 910 3257 nivalem
960 3192 1408 3268 descendant,
1460 3189 1570 3250 vel
1617 3199 1694 3252 ut
1739 3191 2356 3272 regio'subnivalis
2403 3194 2643 3256 multo.

604 3271 828 3348 major
867 3268 985 3331 fiat
1022 3268 1128 3331 ibi
1169 3288 1378 3351 quam
1418 3267 1496 3330 in
1537 3271 1915 3352 Lapponia.
1993 3272 2105 3337 Sic
2146 3272 2269 3334 nix
2322 3293 2510 3351 nova
2562 3280 2629 3334 et

601 3362 798 3414 vetus
827 3360 1220 3413 conservata
1248 3370 1402 3411 cum
1435 3350 1751 3413 noctibus
1773 3351 2254 3436 frigidioribus
2286 3351 2633 3436 peculiari

606 3434 817 3495 modo
862 3439 1153 3510 reagunt
1187 3440 1422 3497 contra
1462 3440 1757 3493 aestatem
1792 3434 2178 3518 longiorem
2206 3445 2276 3494 ‘et
2306 3428 2629 3500 effectum

603 3524 682 3573 ut
728 3511 826 3573 ita
871 3509 1096 3572 dicam
1144 3513 1615 3573 decussantem
1656 3525 2008 3591 exserunt3
2049 3516 2328 3575 arbores
2376 3533 2629 3594 nempe

600 3592 949 3677 praecipue
977 3590 1480 3653 frondescentes
1514 3612 1598 3654 ex
1623 3594 1894 3672 alpibus
1923 3604 2184 3672 arcent,
2227 3595 2627 3677 plantarum

602 3672 998 3754 alpinarum
1068 3673 1470 3748 descensum
1521 3673 1632 3734 vel
1687 3686 2100 3755 proventum
2161 3694 2379 3754 usque
2440 3673 2628 3736 inter

602 3753 821 3835 Fagos
862 3762 1304 3835 promovent3
1360 3772 1519 3813 cum
1559 3752 1769 3817 simul
1811 3775 1892 3817 ex
1938 3756 2151 3817 altera
2191 3765 2380 3839 parte
2428 3767 2626 3819 aestas

596 3832 882 3918 longior
911 3832 1018 3894 vel
1054 3836 1171 3893 ae‘r
1200 3842 1609 3913 temperatus
1651 3853 1691 3894 a
1731 3854 1888 3897 vere
1921 3856 2136 3914 usque
2171 3838 2259 3898 ad
2295 3835 2625 3896 ultimum

578 3924 1014 3987 'autumnum
1041 3912 1295 3996 plantis
1319 3912 1579 3979 lentius
1605 3916 2110 4002 vegetantibus,
2149 3916 2446 3996 ideoque
2476 3936 2625 3981 ver-
