2799 4642
644 255 780 332 126
1386 258 1878 334 ‘'⁶00²‘’-

781 433 865 494 D.
908 428 1195 514 digitata
1235 428 1535 491 Decand.
1562 428 1733 503 flor.
1757 428 2007 509 franc.
2042 455 2108 494 η.
2142 432 2325 511 4203.

707 517 886 578 Hab.
934 514 1088 572 loco
1137 529 1505 572 nemoroso
1557 497 1770 571 fertili
1824 511 1900 572 in
1950 516 2184 575 Monte
2241 512 2407 597 Rigi
2449 514 2626 591 juxta

786 592 1126 655 Sacellum
1155 592 1391 673 paullo
1424 610 1633 670 supra
1672 592 2042 655 terminum
2072 593 2272 675 Fagi‚
2316 596 2597 676 copiose.

709 677 879 735 Tota
918 673 1156 755 planta
1197 669 1612 762 glaber-tinia
1650 673 1910 754 praeter'
1936 674 2276 761 margines
2316 673 2629 741 foliorum

625 755 924 817 tenuiter
965 752 1254 814 ciliatos.
1572 769 1577 776 ·
2147 781 2169 802 .

629 880 770 940 685.
816 874 1341 937 CARDAMINE
1382 870 1421 932 b
1442 893 1476 935 e
1495 871 1809 950 llidifo
1828 874 1956 935 lia
1998 870 2101 953 (β.
2131 875 2409 958 alpina)
2452 831 2651 949 Lina..

867 973 1047 1035 spec.
1128 953 1294 1014 lant.
1317 951 1416 1013 ed.
1444 971 1501 1015 2.
1529 972 1598 1031 p.
1624 957 1764 1033 913.
1845 954 2126 1017 Halter.
2162 977 2383 1020 enum.
2406 980 2474 1040 p.
2501 960 2628 1027 560.

866 1059 932 1097 n.
961 1053 1020 1113 7.
1110 1034 1294 1095 istor.
1315 1055 1381 1094 n.
1410 1033 1550 1109 476.
1593 1062 1651 1096 α.
2511 1037 2516 1042 ”

794 1121 866 1178 C.
889 1115 1126 1198 alpina
1155 1111 1398 1179 Willd.
1428 1133 1606 1192 spec.
1628 1113 1845 1194 plant.
1877 1115 1933 1175 ὃ.
1973 1113 2041 1192 ρ.
2068 1115 2205 1194 48ι.

706 1200 884 1263 Hah.
908 1196 1076 1258 locis
1106 1194 1447 1277 grumosis
1468 1193 1870 1271 humectatis
1895 1194 2076 1254 inter
2098 1194 2287 1258 nives
2309 1217 2629 1279 perennes

634 1345 639 1346 ff
758 1303 759 1308 ¹
789 1278 1054 1361 alpium
1093 1276 1579 1337 altissimarum
1605 1274 1950 1356 praecipue
1974 1276 2067 1336 St.
2098 1277 2495 1358 Gotthardi,
2537 1301 2629 1341 ex.

783 1380 885 1444 gr.
925 1358 1002 1419 in
1045 1355 1347 1420 culmine
1393 1357 1623 1417 Furcae
1665 1356 1959 1440 copiose.

706 1443 919 1502 Caule
964 1437 1190 1517 brevi,
1233 1434 1673 1518 longitudine
1713 1446 1977 1497 tantum
2028 1434 2393 1517 foliorum,
2433 1437 2630 1501 etiam

621 1521 733 1584 his
777 1520 851 1584 in
897 1519 1173 1600 alpibus
1217 1515 1515 1577 occurrit
1555 1526 1630 1577 ut
1672 1515 1746 1576 in
1794 1517 2174 1597 Lapponia.
2255 1522 2369 1580 Est
2410 1532 2628 1580 autem

624 1601 794 1663 levis
833 1601 1143 1679 quaedam
1186 1593 1573 1658 differentia
1616 1595 1691 1657 in
1729 1616 1809 1658 eo
1848 1598 2036 1676 quod
2075 1596 2244 1658 folia
2280 1620 2631 1679 nunquam

622 1682 903 1761 apiculo
943 1677 1427 1755 terminentur,
1472 1678 1660 1757 quod
1701 1678 1913 1737 caulis
1955 1678 2631 1757 plerumque‘foliolo

625 1761 1093 1833 unofalterove
1123 1757 1344 1817 sessili
1376 1757 1748 1837 pedicellos
1787 1756 1926 1818 fere
1968 1757 2303 1819 fulcrante
2342 1759 2633 1835 instrua-

629 1853 775 1918 tur,
809 1850 873 1902 et
896 1840 1081 1919 quod
1109 1837 1381 1915 siliquae
1404 1837 1717 1917 paullum
1740 1838 2087 1914 bregiores
2119 1838 2288 1916 sint;
2330 1841 2451 1900 sed
2475 1842 2632 1902 tales

625 1936 805 1985 notae
835 1939 1080 2002 parum
1103 1915 1513 1978 sufficientes
1542 1936 1682 1978 esse
1704 1917 2114 1979 crediderim
2138 1919 2213 1979 in
2241 1929 2424 1980 tanta
2448 1921 2634 1982 simi-

622 2001 922 2064 litudine
968 1999 1174 2060 totius
1217 1998 1565 2077 plantulae.
1605 2030 1687 2042 -—-
1745 1998 2083 2058 Glabritie
2127 1999 2442 2068 omnium
2485 2022 2633 2082 par-

625 2084 800 2142 tium
851 2075 1296 2158 distingvitur
1343 2077 1430 2153 ab
1477 2073 1686 2138 Arabi
1730 2080 2065 2155 coerulea‚
2121 2099 2329 2159 quam
2388 2080 2468 2142 in
2530 2082 2633 2144 his

623 2162 894 2245 alpibus
937 2161 1122 2219 haud
1166 2156 1481 2218 invenire
1524 2155 1742 2239 potui.

619 2286 760 2349 686.
806 2282 1328 2344 CARDAMlNE
1380 2274 1910 2361 resedisolia
1950 2276 2135 2339 Linn.
2183 2298 2365 2359 spec.
2408 2281 2625 2360 plant.

862 2362 960 2425 ed.
991 2359 1228 2424 Willd.
1261 2364 1316 2424 5.
1345 2381 1414 2440 p.
1440 2363 1577 2438 482.
1607 2360 1863 2440 Jaequ.
1893 2369 2104 2420 auser.
2132 2361 2422 2440 append.
2452 2372 2500 2423 t.
2528 2383 2623 2428 21.

859 2442 1134 2509 Haller.
1165 2461 1382 2502 enum.
1413 2462 1481 2520 p.
1508 2440 1647 2519 559.
1683 2462 1748 2501 η.
1776 2439 1835 2504 6.
1878 2440 2108 2502 histor.
2145 2461 2209 2500 n.
2241 2443 2381 2520 476.
2425 2449 2494 2516 β.

697 2524 874 2586 Hah.
915 2521 1084 2583 locis
1125 2522 1530 2583 humectatis
1572 2521 1647 2581 in
1690 2520 1973 2604 regione
2016 2520 2251 2601 alpina
2293 2523 2524 2584 media
2568 2531 2631 2584 et

779 2602 1112 2664 inferiore
1173 2602 1436 2684 alpium
1498 2601 1986 2662 altissimarum
2039 2602 2384 2683 praecipue
2435 2605 2633 2665 Gott-

678 2686 679 2689 ’
773 2683 1279 2824 hardihpassim
1313 2682 1740 2763 frequenter,
1797 2684 1981 2761 unde
2025 2681 2237 2741 ‘etiam
2282 2684 2634 2746 descendit

778 2760 857 2824 in
896 2766 979 2825 Sc
1033 2766 1330 2826 ollenen.

615 2889 752 2966 687.
799 2887 1321 2955 CARDAMINE
1359 2884 1791 2964 pratensis
1832 2881 2019 2944 Linn.
2054 2901 2233 2961 spec.
2268 2883 2491 2963 plant.
2524 2885 2624 2948 ed.

860 2965 1096 3030 Willd.
1129 2971 1184 3029 ὃ.
1218 2986 1287 3045 ρ.
1320 2969 1460 3043 487,
1521 2985 1690 3027 svec.
1730 2985 1794 3024 η.
1836 2962 1974 3028 585.
2040 2962 2322 3042 lappon.
2372 2987 2437 3027 n.
2485 2966 2627 3032 258.

854 3046 1134 3109 Haller.
1163 3067 1383 3108 enum.
1410 3066 1478 3124 p.
1514 3045 1652 3124 559.
1692 3065 1757 3104 η.
1786 3043 1846 3122 4.
1889 3043 2120 3103 histor.
2150 3064 2215 3102 n.
2242 3046 2382 3120 4751

689 3129 872 3189 Hah.
913 3127 989 3188 in
1030 3127 1245 3209 pratis
1294 3128 1452 3188 udis
1491 3122 1810 3206 planitiei
1853 3133 1918 3183 et
1960 3122 2301 3185 montium
2346 3124 2631 3206 ubique.

613 3235 752 3296 688.
796 3234 1316 3294 CARDAMINE
1397 3249 1696 3292 amara
1762 3229 1950 3290 Linn.
2005 3250 2184 3310 spec.
2243 3232 2468 3310 plant.
2524 3232 2628 3294 ed.

641 3347 648 3351 ·
852 3310 1090 3376 Willd.
1132 3316 1187 3376 3.
1237 3333 1305 3393 p.
1348 3314 1486 3390 488.
1542 3330 1714 3373 svec.
1759 3331 1824 3370 n.
1862 3308 2001 3374 586.
2076 3311 2357 3375 Halter.
2399 3334 2628 3375 enum.

844 3412 922 3471 Vp.
961 3390 1097 3459 558.
1141 3413 1205 3453 n.
1237 3397 1293 3457 ὅ.
1336 3394 1569 3453 histor.
1611 3413 1675 3451 n.
1702 3392 1843 3471 474.

689 3471 866 3535 Hah.
909 3471 985 3534 in
1025 3471 1224 3535 fossis
1264 3472 1551 3555 passim,
1592 3492 1695 3533 ex.
1732 3491 1835 3554 gr.
1874 3469 2050 3553 Tigu
2064 3469 2144 3532 ri.

614 3581 752 3659 689.
791 3580 1334 3642 SISYMBRIUM
1374 3576 1445 3638 N
1461 3578 1938 3638 astartium
1977 3577 2169 3637 Lina.
2192 3596 2377 3657 spec.
2397 3578 2626 3658 plant·

852 3660 949 3722 ecl.
974 3658 1210 3723 Willd.
1245 3662 1300 3723 3.
1328 3678 1396 3738 p.
1418 3659 1559 3738 489.
1600 3677 1769 3723 svee.
1809 3677 1875 3718 n.
1904 3657 2042 3739 592.
2085 3657 2367 3724 Ηαίἱεν.
2397 3679 2628 3723 enum.

849 3760 918 3820 p.
955 3740 1091 3823 549.
1135 3761 1198 3801 n.
1227 3739 1286 3805 5.
1327 3741 1560 3799 histor.
1598 3759 1665 3799 n.
1694 3740 1836 3816 482.

687 3821 864 3882 Hab.
901 3823 975 3883 in
1006 3820 1172 3883 rivis
1202 3819 1526 3883 omnibus
1555 3818 1760 3880 etiam
1792 3819 2179 3903 subalpinis
2206 3820 2638 3900 frequenter.

598 3907 753 4004 690.
792 3924 1901 4008 SISYMBRIUMamphibium
1941 3927 2128 3991 Linn.
2172 3947 2352 4008 spec.
2396 3927 2634 4009 plant.
2765 3930 2766 3933 ’

851 4005 950 4069 ecl.
979 4003 1216 4071 Wizld.
1246 4008 1301 4069 5.
1330 4026 1401 4084 p.
1430 4010 1570 4087 491.
1612 4026 1783 4073 svec.
1824 4028 1888 4071 n.
1922 4008 2061 4088 593.
