2799 4642
610 340 816 396 LXXX
824 344 851 390 1
862 340 912 391 V

603 496 1044 582 frigidiorem
1093 495 1320 559 ullum
1358 486 1438 558 in
1477 499 1618 558 tota
1663 491 1974 557 convalle
2006 487 2287 556 Ursaria
2317 489 2631 578 reperire

606 576 826 662 potui.
906 574 1353 639 Notissimum
1394 586 1496 639 est
1527 584 1808 638 ventum
1850 573 2054 635 illum
2102 574 2403 653 calidum
2443 580 2631 639 Fon-

604 657 799 720 wind
846 658 934 719 ab
970 655 1218 719 incolis
1260 656 1520 720 dictum
1565 674 1783 736 usque
1830 656 1920 716 ad
1963 653 2241 716 Altdorf
2270 655 2630 721 interdum

604 742 780 814 adeo
806 757 1131 822 regnare,
1165 747 1242 799 ut
1271 737 1651 819 peculiares
1679 735 1972 797 cautelas
1993 735 2080 793 ad
2097 735 2404 817 pericula
2433 736 2629 822 ignis

605 818 927 881 evitanda
981 816 1286 911 requirat
1322 817 1438 898 θ),
1491 817 1839 895 simulque
1905 810 2167 877 efficere
2219 816 2495 894 videtur
2547 827 2629 880 ut

601 901 793 962 lacus
812 898 1184 981 Sylvanius
1210 917 1264 960 s.
1289 900 1610 979 Quatuor
1634 895 1986 959 civitatum
2019 916 2378 975 nunquam
2400 898 2629 982 glacie

602 981 1008 1042 obducatur.
1100 981 1303 1042 Mons
1356 976 1523 1060 Rigi
1581 986 1807 1038 autem
1860 994 2004 1057 pra‘.
2055 984 2373 1058 apertura
2417 978 2622 1040 vallis
2728 1051 2733 1066 f

601 1050 914 1122 Uriensis
937 1058 1012 1120 in
1036 1055 1189 1141 ipso
1211 1057 1502 1124 transitu
1524 1056 1712 1119 venti
1733 1056 1927 1118 Fohn
1943 1100 1962 1135 ‚
2003 1066 2071 1118 et
2096 1066 2414 1119 caeterum
2435 1056 2620 1121 inter

596 1140 786 1214 lacus
809 1159 1170 1218 nunquam
1196 1136 1607 1223 conglaciati
1638 1135 1834 1201 sinus
1865 1135 2035 1199 situs
2068 1147 2199 1216 est,
2242 1140 2428 1199 unde
2452 1158 2621 1220 pro-

597 1220 834 1284 babile
852 1219 926 1281 fit
950 1239 1109 1281 eum
1129 1217 1383 1301 hyeme
1402 1216 1666 1280 mitiori
1686 1219 1985 1302 gaudere
2001 1236 2208 1297 quam
2230 1217 2414 1280 ullus
2434 1218 2618 1282 alius

595 1319 797 1363 mons
839 1299 917 1362 in
960 1308 1100 1362 tota
1139 1297 1457 1374 Helvetia
1497 1296 2058 1381 septentrionali3
2101 1306 2168 1359 et
2215 1306 2379 1360 tunc
2424 1299 2617 1362 haud

595 1392 835 1443 contra
869 1399 1185 1447 normam
1217 1399 1360 1442 esse
1393 1380 1758 1457 credimus,
1792 1375 2250 1458 quod,altiori
2276 1387 2615 1461 tempera-

592 1470 748 1523 tura
784 1471 977 1524 terrae
1011 1462 1305 1546 gaudeat
1330 1480 1542 1542 quam
1570 1457 1796 1523 caeteri
1831 1477 2069 1520 omnes
2101 1467 2401 1539 montes,
2437 1479 2614 1542 prae·

485 1557 486 1564 ¹
589 1541 791 1624 cipue
832 1541 911 1602 in
951 1561 1035 1605 eo
1072 1542 1318 1620 latere,
1371 1541 1496 1603 ubi
1536 1541 1863 1603 balneum
1903 1536 2240 1621 frigidum
2289 1539 2613 1620 scaturit,

586 1621 811 1686 ventis
846 1619 992 1683 illis
1022 1620 1313 1683 omnino
1338 1623 1645 1684 obverso.
1728 1622 1901 1681 Cum
1932 1636 2141 1701 porro
2166 1617 2299 1694 this
2319 1618 2614 1686 rationi·

584 1701 719 1763 bus
752 1697 892 1761 nisi
933 1700 1013 1761 in
1059 1699 1466 1762 memoriam
1505 1718 1932 1777 revocemu8‚
1975 1709 2311 1780 quantum
2354 1698 2611 1781 hyems

583 1779 665 1842 in
683 1777 943 1843 Sibiria
962 1779 1262 1862 rigidior
1278 1780 1368 1843 sit
1387 1799 1596 1861 quam
1621 1779 1698 1842 in
1721 1782 1862 1862 Lap
1914 1780 2108 1859 onia,
2148 1778 2267 1841 vix
2285 1779 2609 1846 dubitare

582 1860 860 1923 licuerit
874 1869 1403 1941 temperaturam
1418 1871 1612 1923 terrae
1634 1859 1739 1923 ibi
1758 1860 1834 1921 in
1869 1879 1943 1921 ra
1958 1870 2292 1942 punctum
2313 1860 2607 1945 glaciale

583 1940 850 2020 delabi,
885 1942 1057 2002 adeo
1106 1950 1183 2001 ut
1231 1950 1412 2004 terra
1452 1960 1722 2024 semper
1771 1940 2192 2025 conglaciata
2234 1939 2358 2018 sit,
2395 1940 2606 2007 sicuti

578 2021 968 2083 retulerunt
1006 2020 1556 2103 peregrinaturos
1597 2019 1792 2083 omni
1831 2019 1967 2083 fide
2006 2018 2424 2103 dignissimi.

661 2102 762 2162 Ex
798 2108 937 2162 tota
967 2110 1199 2163 nostra
1219 2101 1618 2186 cognitione
1644 2098 1730 2162 de
1760 2111 2214 2183 temperatura
2235 2110 2430 2164 terrae
2458 2099 2602 2174 hoc

578 2178 910 2260 consequi
940 2178 1245 2260 videtur,
1286 2183 1477 2261 quod
1511 2178 1591 2244 in
1617 2184 1893 2264 Europa
1923 2190 2292 2262 temperata
2323 2178 2600 2246 circiter

575 2261 708 2324 sub
761 2265 841 2339 46
885 2262 1105 2345 gradu
1162 2260 1555 2325 latitudinis
1606 2280 1735 2345 geo
1786 2260 2079 2357 raphicae
2136 2270 2601 2344 temperatura

574 2349 774 2406 terrae
806 2350 873 2404 et
896 2341 1074 2404 aeris
1101 2343 1395 2424 aequales
1421 2342 1562 2406 sint
1590 2342 1669 2406 in
1689 2365 1736 2425 p
1767 2340 1981 2403 anitie
2008 2361 2216 2424 supra
2253 2362 2443 2404 mare
2475 2343 2601 2409 vix

573 2421 868 2499 elevata3
973 2424 1114 2484 uod
1157 2443 1320 2486 vero
1375 2443 1460 2485 ex
1510 2424 1641 2485 hac
1690 2421 1974 2505 regione
2020 2421 2221 2502 quasi
2270 2443 2308 2485 e
2356 2433 2599 2503 centro

571 2500 837 2563 oriatur
854 2500 927 2563 di
984 2522 1145 2564 eren
1154 2502 1242 2564 tia
1263 2503 1359 2566 ita
1377 2501 1657 2584 scilicet,
1678 2511 1752 2563 ut
1777 2510 2230 2597 temperatura
2249 2500 2431 2566 aeris
2452 2511 2597 2571 tam

566 2599 802 2644 versus
842 2583 1059 2645 altum
1087 2603 1297 2663 quam
1328 2603 1562 2646 versus
1601 2590 2136 2664 septentrionem
2168 2582 2371 2655 citius
2392 2580 2595 2663 ,dela-s

561 2661 770 2724 batur
796 2681 1006 2743 quam
1033 2672 1110 2726 u‘t
1143 2675 1322 2726 terra
1349 2672 1487 2726 tam
1522 2661 1656 2729 cito
1680 2661 2077 2747 refrigerari
2102 2661 2350 2744 possit3
2394 2666 2592 2744 quod

559 2739 772 2804 ctiam
812 2762 895 2806 ex
925 2745 1139 2806 altera
1163 2753 1355 2827 parte
1388 2761 1624 2806 versus
1657 2753 1966 2804 austrum
2008 2744 2196 2806 calor
2223 2743 2401 2806 ae‘ris
2445 2754 2588 2808 tam

559 2820 699 2884 cito
743 2821 1113 2902 increscat,
1156 2832 1231 2886 ut
1271 2833 1450 2886 terra
1493 2825 1736 2887 eodem
1784 2825 2004 2907 gradu
2043 2825 2233 2885 haud
2280 2821 2588 2888 calefieri

555 2901 795 2984 possit,
823 2906 1011 2966 unde
1038 2902 1142 2966 ibi
1171 2908 1291 2965 aer
1317 2907 1559 2967 eodem
1587 2905 1797 2965 modo
1829 2905 2056 2967 calore
2082 2914 2354 2986 praestat
2383 2924 2464 2967 ac
2500 2905 2583 2970 in

556 3000 830 3045 summo
870 2983 1335 3067 septentrione
1375 2983 1637 3067 frigore
1670 3002 1821 3046 suo,
1898 2985 2156 3046 Illustr.
2184 2983 2580 3047 Humboldt

551 3059 776 3125 fontes
794 3067 926 3126 sub
946 3073 1289 3144 aequatore
1311 3073 1609 3144 quatuor
1627 3066 1882 3145 gradus
1902 3061 2301 3148 frigidiores
2317 3063 2581 3146 reperit

548 3145 941 3223 aeres-cum
981 3164 1109 3207 nos
1142 3143 1219 3206 in
1256 3163 1527 3207 summa
1562 3141 1896 3228 lapponia
1936 3162 2130 3224 aeque
2170 3164 2250 3207 ac
2291 3144 2368 3206 in
2401 3147 2576 3208 Hel-

548 3222 746 3286 vetiae
768 3223 1045 3319 alpibus
1061 3223 1350 3286 summis
1364 3222 1585 3287 fontes
1602 3233 1900 3305 quatuor
1923 3226 2176 3307 gradus
2203 3223 2574 3290 calidiores

543 3298 1017 3366 invenerimus
1065 3313 1523 3385 temperatura
1576 3305 1777 3368 ae'ris.
1856 3306 2097 3386 Itaque
2144 3326 2573 3388 quamquam

543 3382 633 3444 de
673 3392 1129 3466 temperatura
1175 3383 1450 3447 interna
1505 3384 1712 3448 totius
1757 3385 1954 3468 globi
2007 3380 2338 3448 terrestris
2377 3381 2571 3469 nihil

537 3461 833 3526 sciamus
852 3508 871 3544 ,
912 3461 1148 3545 inesse
1171 3474 1396 3526 tamen
1429 3464 1705 3528 videtur
1733 3476 1933 3538 terrae
1959 3465 2212 3529 inertia
2243 3469 2569 3548 quaedam.
2598 3471 2610 3485 ‘'

535 3543 627 3603 ad
663 3553 1190 3626 temperaturam
1222 3544 1730 3627 recipiendam,
1771 3549 1957 3608 unde
1992 3546 2067 3608 fit
2106 3556 2181 3608 ut
2213 3550 2302 3610 ad
2337 3558 2565 3610 extre-

530 3622 798 3686 mitates
846 3632 1083 3718 neque'
1115 3623 1570 3711 frigiditatem
1609 3644 1838 3706 neque
1882 3627 2180 3701 calorem
2221 3624 2402 3691 aeris
2446 3648 2562 3695 as-

533 3703 737 3783 sequi
774 3715 993 3788 possit
1033 3714 1232 3767 terra.
1690 3754 1691 3757 η
1900 3750 1905 3753 -

561 3905 624 3978 5¹⁸)
661 3906 870 3963 Confer
905 3909 1048 3967 Γίιίἰ
1087 3909 1390 3985 geograph.
1427 3908 1631 3966 helvet.
1664 3925 1722 3965 az
1760 3925 1816 3984 p.
1846 3918 1970 3978 ¹5²·
