2799 4642
654 413 955 483 maxime
975 412 1331 499 propri-am
1351 412 1729 497 Lapponiae
1746 410 2101 497 praebeant
2125 429 2169 474 a
2191 409 2446 479 Betulis
2478 410 2627 483 illie

654 500 1007 563 viridibus
1043 497 1293 559 eximie
1321 501 1742 578 variegatam
1772 505 1838 555 et
1866 502 2157 555 auctam.
2239 495 2441 560 Hanc
2466 515 2627 576 par-

659 592 797 644 tem
851 578 1229 663 Lapponiae
1292 579 1638 641 desertum
1686 572 1958 638 vocavit
2016 573 2345 639 Linnaeus
2405 575 2626 656 idque

657 659 953 746 optime3
995 659 1100 741 ibi
1140 657 1328 721 enim
1374 659 1615 721 nullus
1648 656 1841 720 viror
1881 640 2277 742 graminum
2317 657 2429 719 vel
2465 658 2626 719 her-

653 746 904 808 barum
965 760 1090 822 per
1136 739 1516 802 multarum
1561 741 1895 801 horarum
1950 734 2251 820 spatium
2306 733 2385 797 in
2440 746 2624 801 terra

655 820 1085 904 conspicitur
1105 864 1125 900 ,
1169 822 1290 883 sed
1316 820 1547 896 omnis
1573 829 1753 882 terra
1782 817 2038 915 tegitur
2062 815 2362 898 tegmine
2391 826 2621 882 aestate

654 921 926 969 summa
955 904 1130 963 adeo
1166 897 1365 964 arido
1404 912 1470 963 et
1498 900 1666 964 solis
1695 898 1913 963 radiis
1942 896 2263 960 calefacto
2303 906 2379 958 ut
2458 901 2620 962 edes

654 981 1170 1048 ambulantium
1213 981 1357 1045 fere
1402 992 1729 1062 urantur,
1785 978 1985 1061 quasi
2025 977 2104 1040 in
2142 997 2354 1040 arena
2444 999 2624 1043 eser-

656 1077 890 1129 torum
913 1062 1160 1127 Africae
1187 1061 1321 1126 iter
1343 1062 1595 1125 faceret
1620 1063 2123 1146 peregrinator.
2202 1058 2392 1122 Talis
2420 1081 2504 1123 ve
2554 1081 2623 1120 e-

656 1146 827 1211 tatio
862 1144 1231 1229 proprium
1261 1143 1557 1207 omnino
1584 1145 1834 1209 coelum
1876 1139 2172 1220 indicat,
2214 1149 2281 1203 et
2312 1160 2460 1212 non
2545 1163 2623 1202 u-

651 1228 803 1291 bito
869 1225 1093 1311 frigus
1156 1226 1453 1310 longum
1517 1225 1843 1308 hyemale
1907 1241 2104 1303 aeque
2166 1241 2246 1284 ac
2317 1223 2619 1290 calorem

647 1307 906 1373 estatis
951 1327 1132 1389 saepe
1156 1305 1584 1391 peculiarem
1625 1305 1872 1369 omnia
1904 1305 2077 1366 adeo
2121 1299 2500 1384 exsiccare,
2540 1312 2619 1366 ut

655 1393 748 1453 ob
774 1388 1146 1452 siccitatem
1177 1388 1401 1471 magis
1425 1406 1639 1468 quam
1668 1385 1890 1470 frigus
1920 1384 2120 1445 nulla
2147 1381 2400 1446 melior
2420 1404 2620 1468 vege-

654 1470 826 1533 tatio
866 1469 975 1533 ibi
1012 1470 1419 1552 proveniat:
1480 1469 1839 1552 Quantum
1879 1466 2028 1541 haec
2070 1463 2303 1548 imago
2346 1463 2617 1537 diversa

650 1552 746 1615 sit
772 1571 821 1612 -a
860 1544 1310 1633 pascuis‘illis
1342 1547 1691 1612 viridibus
1710 1542 2189 1631 pingvissimis
2224 1545 2618 1639 subalpinis

653 1630 992 1693 Helvetiae
1021 1629 1139 1690 vix
1167 1629 1466 1710 exprimi
1492 1632 1735 1709 potest.
1801 1624 2033 1688 Ceteri
2068 1644 2348 1706 quoque
2374 1627 2621 1697 Liche-

655 1729 781 1774 nes
822 1718 1166 1770 terrestres
1203 1707 1278 1768 in
1321 1708 1640 1769 Helvetia
1680 1705 1916 1769 minus
1964 1725 2038 1768 se
2081 1707 2497 1769 extendunt:
2540 1708 2616 1769 L.
2711 1766 2714 1769 .

659 1787 1040 1852 islandicus
1083 1786 1272 1849 infra
1309 1787 1670 1871 regionem
1704 1784 2149 1870 subalpinam
2185 1783 2303 1848 vix
2340 1788 2619 1849 descen-

649 1869 796 1948 dit-3
839 1867 1142 1933 Peltz'dea
1177 1888 1434 1933 crocea
1471 1870 1654 1930 inter
1681 1868 1876 1932 nives
1912 1885 2251 1949 perennes
2280 1866 2617 1933 Helvetiae

653 1950 971 2015 habitare
1052 1949 1344 2033 cogitur.
1447 1952 1707 2012 Contra
1784 1945 2207 2011 Lichenibus
2302 1949 2618 2012 arboreis

740 2041 928 2094 aestat
990 2028 1371 2110 Helvetia‚-
1405 2028 1533 2092 ubi
1601 2050 1704 2093 ex.
1762 2049 1870 2113 gr.
1931 2027 2157 2093 Usnea
2220 2026 2613 2094 divaricata

711 2113 867 2174 inos
907 2109 1135 2194 piceas
1175 2110 1580 2193 subalpinas
1622 2110 1976 2173 interdum
2019 2108 2208 2194 tegit.

570 2218 818 2284 ,aMusci
857 2214 1192 2297 frondosi
1242 2225 1391 2278 tum
1433 2235 1750 2278 numero·
1769 2225 1916 2278 tum
1959 2215 2341 2297 quantitate
2393 2215 2619 2301 magis

659 2297 1032 2363 convenire
1089 2298 1417 2361 videntur
1468 2295 1547 2360 in
1597 2307 1890 2384 utraque
1935 2306 2147 2379 terra,
2189 2317 2619 2379 quamquam

648 2380 893 2463 chia
924 2379 1158 2441 forsan
1192 2398 1586 2441 muscorum
1622 2380 2123 2459 paludosorum
2160 2379 2459 2443 feracior
2491 2379 2618 2459 sit,

648 2482 736 2524 ex
798 2460 1055 2541 quibus
1110 2461 1456 2542 Splachna
1518 2458 1645 2520 illa
1696 2459 2069 2542 splendida·
2129 2458 2387 2521 mirum
2443 2479 2618 2522 sane
2697 2474 2701 2477 ⁴

640 2543 1042 2623 exemplum
1072 2538 1524 2621 vegetationis
1550 2540 1902 2622 paludosae
1929 2538 2421 2624 septentrionis
2452 2560 2619 2603 con·

649 2621 1006 2685 tinentalis
1042 2620 1380 2703 prebent.

561 2724 1064 2810 'Tetradidymoe
1111 2729 1226 2790 vel
1267 2737 1346 2790 ut
1388 2728 1523 2790 hoc
1565 2734 1725 2790 u'tar
1770 2725 2019 2792 Filices
2060 2727 2476 2792 muscoideae
2534 2727 2616 2794 in

648 2820 941 2891 utraque
986 2821 1165 2872 terra
1196 2808 1339 2871 fere
1370 2812 1633 2874 eaedem
1672 2818 1867 2890 sunt,
1909 2812 1971 2872 si
2012 2819 2389 2893 campestre
2429 2810 2617 2879 illud.

644 2888 1130 2971 Lycopodium
1152 2890 1680 2971 complanatum
1711 2898 1777 2950 et
1803 2891 2167 2952 lacustrem
2202 2888 2570 2952 Isoetidem
2590 2935 2614 2971 ‚

643 2990 774 3033 nec
800 2990 947 3032 non
980 2972 1070 3033 ab
1100 2971 1314 3033 altera
1341 2982 1539 3054 parte
1577 2979 1886 3053 rupestre
1923 2970 2105 3033 illud
2123 2970 2617 3054 Lycopodium

642 3050 1054 3114 helveticum
1092 3051 1418 3134 excipias.

557 3157 619 3223 F
622 3158 865 3221 ilicum
878 3153 1167 3246 »circiter
1194 3177 1266 3223 21
1298 3156 1557 3241 species
1577 3157 1654 3221 in
1670 3153 1988 3219 Helvetia
2009 3163 2341 3238 crescunt,
2369 3155 2614 3238 itaque

642 3239 761 3302 vix
788 3239 1299 3303 numerosiores
1325 3259 1533 3319 quam
1565 3239 1641 3301 in
1664 3237 1901 3301 Svecia
1927 3237 2216 3320 ipsaque
2241 3238 2388 3319 Lap
2441 3237 2614 3301 onia

628 3329 825 3383 sunt.
867 3320 1113 3388 Filices
1150 3320 1519 3382 nonnulla!
1559 3318 1962 3403 uliginosae‚
1997 3319 2255 3412 quibus
2287 3320 2393 3380 He
2428 3319 2611 3386 vetio

641 3410 846 3482 caret,
873 3420 1025 3472 com
1079 3410 1410 3464 ensantur
1435 3398 1739 3462 filicibus
1758 3396 2150 3480 subalpinis
2173 3400 2608 3482 rupestribus

640 3501 743 3544 ex.
785 3502 887 3566 gr.
932 3481 981 3544 P
1058 3482 1318 3565 ypodio
1352 3480 1706 3561 fontano,
1741 3477 2024 3580 Aspfdio
2068 3479 2337 3560 alpino.

549 3583 619 3670 3.
663 3592 759 3666 54.
799 3589 1257 3663 Calamurioe‚
1297 3586 1363 3649 si
1407 3586 1678 3649 Carices
1718 3584 2026 3668 primurn
2076 3585 2417 3671 excipias,
2458 3585 2605 3651 fere

532 3675 542 3687 ’
639 3673 898 3734 eaedem
933 3679 1095 3734 sunt
1127 3677 1194 3730 et
1229 3666 1542 3745 ejusdem
1573 3666 1907 3729 momenti
1934 3687 2013 3730 ae
2032 3666 2118 3744 in
2145 3669 2405 3732 Svecia.
2469 3670 2636 3812 Se?

637 3751 912 3814 Carices
950 3761 1096 3813 tum
1128 3768 1424 3811 numero
1466 3758 1611 3810 tum
1649 3747 1849 3831 copia
1888 3749 2188 3814 multum
2228 3748 2567 3812 inferiore

624 3843 796 3894 sunt
822 3832 898 3894 in
928 3829 1244 3894 Helvetia
1278 3839 1524 3912 utpote
1551 3830 1632 3907 46
1659 3828 1919 3912 speeies
1951 3839 2254 3925 tantum?
2288 3849 2597 3911 quarum

624 3913 980 3995 pleraque
1033 3919 1425 3994 pratenses,
1478 3918 1547 3973 et
1591 3910 1956 3974 nonnullae
2009 3927 2280 3994 pascms
2332 3910 2596 3992 alpinis

606 3992 923 4064 ‚omnino
947 3992 1253 4078 propria
1283 4000 1450 4061 sunt
1483 4012 1587 4056 ex.
1622 4012 1726 4078 gr„
1758 3990 2310 4074 vaferraginea,
2331 3986 2596 4071 fimo,
