2799 4642
2133 296 2276 347 xm

230 454 320 517 ad
380 457 538 530 17oo
582 452 838 534 pedum
896 450 1386 529 elevationem,
1447 454 1568 516 sed
1623 452 1758 516 hoc
1813 472 2093 535 quoque
2148 475 2281 538 per

233 535 534 596 calorem
559 533 856 594 solarem
888 533 1236 597 inclusum
1270 531 1450 596 effici
1480 534 1656 596 mihi
1686 533 1978 597 videtur.
2019 536 2274 598 Saltem

231 614 407 675 vites
439 614 529 674 ad
557 612 755 675 illam
782 615 1237 677 elevationem
1265 613 1517 697 saepius
1541 613 2055 679 desiderantur:
2094 618 2280 679 Sub-

148 747 153 753 .
231 694 559 837 s{rlvania
609 694 757 756 fere
816 706 956 757 tota
1009 696 1268 760 vitibus
1319 705 1502 758 caret
1556 716 1978 777 quamquam
2027 690 2308 780 parum‘

235 796 275 837 e
307 785 524 836 evata.

316 855 434 929 Sic
475 856 887 936 plerumque
927 856 1247 940 regiones
1280 858 1612 919 arborum
1653 855 1729 918 in
1770 856 2086 919 Helvetia
2124 877 2286 943 sep·-

235 935 654 999 tentrionali'
691 947 759 998 et
794 937 873 999 in
915 939 1113 1002 terris
1146 938 1407 1000 summi
1448 937 1939 1020 septentrionis
1977 939 2283 1023 aequipa-

240 1036 398 1080 rare
443 1017 820 1097 potuimus.
902 1019 1276 1082 Maximam
1331 1017 1978 1082 dissimilitudinem
2024 1019 2287 1102 reperi-

243 1116 401 1160 mus
451 1099 528 1160 in
573 1101 790 1183 Fag03
844 1118 1072 1183 neque
1119 1112 1347 1162 tamen
1396 1100 1646 1161 desunt
1685 1101 1836 1162 loca
1888 1099 2013 1163 uhi
2059 1104 2292 1184 Fagus

243 1177 470 1261 magis
517 1180 606 1240 ad
647 1198 963 1243 normam
1003 1179 1493 1262 septentrionis
1536 1180 1850 1243 flectitur.

186 1258 191 1263 “
320 1255 385 1340 §.
429 1277 540 1337 44.-
609 1259 811 1335 Mons
838 1262 938 1324 St.
971 1260 1329 1325 Gotthardi
1365 1261 1800 1323 inter‘multa·
1824 1262 2286 1343 phaenomena

171 1394 174 1395 γ
241 1339 386 1402 sibi
414 1341 700 1423 propria
737 1341 809 1403 id
847 1362 1125 1424 quoque
1159 1343 1514 1428 singulare
1544 1342 1767 1422 habet,
1803 1347 1997 1424 quod
2022 1345 2287 1430 Fagum

247 1421 515 1484 mirum
557 1423 634 1483 in
682 1425 966 1486 modum
1015 1445 1053 1486 a
1101 1443 1173 1486 se
1224 1422 1530 1505 depellit.
1611 1426 1696 1485 In
1744 1422 2069 1486 omnibus
2099 1444 2301 1503 ¹con--r

245 1500 551 1583 vallibus
593 1506 683 1565 ad
725 1506 913 1567 hunc
952 1515 1254 1567 montem
1295 1502 1712 1571 ducentibus
1760 1506 1984 1587 Fagus
2033 1503 2294 1569 desinit

245 1602 549 1645 crescere
571 1586 659 1645 ad
680 1585 1031 1648 ¹minorem
1059 1586 1498 1647 altitudinem
1524 1606 1733 1664 quam
1764 1586 1912 1647 ullo
1940 1583 2080 1647 alio
2109 1586 2291 1650 loco.

242 1665 334 1725 In
360 1664 559 1731 ‚valle
602 1664 879 1726 Uriensi
918 1685 1166 1747 parum
1208 1684 1418 1746 supra
1457 1665 1704 1727 Wasen
1746 1666 2101 1727 adscendit
2141 1667 2188 1728 i.
2227 1687 2291 1730 e.

245 1745 344 1806 ad
390 1746 548 1822 2870
585 1749 793 1827 pedes
835 1766 1047 1828 supra
1094 1766 1313 1823 mare3
1355 1745 1433 1807 in
1478 1745 1660 1808 valle
1702 1744 2052 1807 Hasliensi
2101 1746 2293 1810 infra

249 1827 611 1886 Guttanen
641 1827 729 1886 ad
746 1831 904 1888 3033
925 1828 1184 1908 pedum
1200 1825 1653 1889 elevationem
1683 1845 1977 1888 crescere
2001 1827 2291 1907 desinit3

247 1915 321 1966 et
359 1904 438 1966 in
467 1906 645 1967 valle
674 1908 1009 1969 Rhenana
1028 1924 1030 1927 ’
1036 1907 1451 1984 jamdudum
1489 1907 1730 1988 paullo
1761 1925 1970 1990 supra
2003 1908 2291 1971 Curiam

249 1997 802 2066 conquaeruntur
827 1987 1105 2069 incolae,
1128 1987 1338 2084 quod
1361 1991 1584 2085 Fagus
1618 2007 1928 2050 successu
1962 1988 2293 2071 temporis

249 2067 478 2152 magis
531 2067 889 2152 magisque
934 2080 1216 2133 rarescit
1256 2078 1323 2131 et
1366 2071 1625 2134 abietes
1670 2067 1737 2130 ei
1784 2068 2162 2132 succedunt
2191 2067 2296 2150 θ).

251 2149 398 2209 Nec
446 2148 604 2212 aliae
653 2150 933 2212 arbores
980 2168 1220 2216 ‘versus
1269 2151 1732 2213 Gotthardum
1785 2151 2030 2211 eodem
2080 2153 2293 2212 modo

252 2246 555 2292 crescere
601 2231 964 2310 desinunt,
1019 2242 1099 2292 ut
1143 2233 1276 2294 hoc
1321 2249 1469 2292 non
1508 2230 1712 2291 liceat
1761 2229 2014 2315 frigori
2067 2231 2295 2293 nimio

253 2308 589 2375 tribuere.
686 2313 978 2394 Juglans
1033 2311 1107 2375 in
1162 2313 1342 2375 valle
1397 2313 1733 2375 Rhenana
1789 2331 2002 2394 supra
2061 2310 2297 2393 ipsum

250 2391 525 2473 Fagum
574 2393 929 2454 adscendit
966 2393 1114 2455 scil.
1160 2396 1251 2455 ad
1293 2410 1448 2470 2447
1504 2395 1760 2474 pedum
1804 2389 2300 2471 elevation‘em5

188 2505 196 2508 ·
249 2470 349 2534 in*
368 2473 550 2534 valle
578 2473 857 2535 Uriensi
883 2474 974 2533 ad
992 2473 1236 2555 Wyler
1265 2478 1420 2535 2302
1451 2476 1657 2554 pedes
1687 2492 1745 2534 e.
1772 2491 1825 2534 s-
1854 2494 1921 2555 p.
1988 2474 2298 2535 ‘Cerasus

250 2561 328 2613 et
359 2552 530 2635 Pyri
562 2553 1022 2639 ignobiliores
1055 2554 1502 2636 reperiuntur
1538 2552 1615 2614 in
1645 2554 1824 2617 valle
1857 2555 2197 2616 Rhenana
2229 2560 2301 2617 et

246 2633 599 2696 Hasliana
650 2636 741 2696 ad
798 2640 961 2697 3300
1019 2636 1276 2720 pedum
1339 2635 1831 2712 elevationem3
1891 2646 1958 2697 et
2010 2633 2298 2733 Οοζγῖαε

249 2711 589 2777 Δνεῑῖαηα
605 2757 625 2793 ,
649 2713 863 2779 Alnus
885 2716 1142 2786 incana
1157 2756 1178 2793 ‚
1205 2711 1375 2780 Acer
1388 2713 1978 2795 Pseudoplatanus
2002 2714 2078 2777 in
2091 2713 2298 2776 valli-

249 2795 403 2856 hus
427 2795 655 2857 Rheni
682 2799 771 2858 ad
793 2813 954 2872 4200
979 2800 1187 2877 pedes
1211 2815 1428 2879 supra
1452 2814 1673 2875 mare,
1708 2794 1787 2857 in
1809 2798 1992 2858 valle
2017 2794 2303 2859 Uriensi

248 2871 510 2941 ¹saltem
545 2895 763 2956 usque
809 2878 899 2938 ad
939 2877 1330 2941 Geschinen
1362 2881 1554 2957 3396'
1600 2875 1755 2940 edes
1794 2895 1848 2941 s.
1881 2898 1972 2939 m.
2057 2878 2304 2954 Itaque

251 2955 663 3041 progressio
714 2957 1091 3020 successiva
1151 2960 1480 3020 arborum
1566 2957 2024 3024 rondosarum
2079 2958 2169 3018 ad
2206 2958 2302 3020 St.

258 3038 736 3100 Gotthardum
798 3038 1017 3122 magis
1077 3038 1402 3102 convenit
1458 3059 1615 3101 cum
1676 3036 2160 3120 progressione
2221 3035 2306 3097 in

250 3118 505 3182 Svecia
541 3129 774 3180 nostra
801 3139 1010 3199 quam
1045 3121 1191 3182 ullo
1224 3118 1300 3181 in
1338 3118 1481 3182 alio
1515 3120 1670 3181 loco
1700 3119 2052 3181 Helvetiae.
2136 3119 2305 3178 Cer-

256 3198 447 3264 ealia
467 3218 750 3281 quoque
776 3198 880 3262 ibi
905 3210 1050 3261 tum
1085 3201 1159 3262 in
1183 3201 1362 3263 valle
1384 3202 1722 3263 Rhenana
1750 3209 1895 3260 tum
1916 3199 1994 3260 in
2018 3201 2310 3281 Meyen-

259 3280 417 3344 thal
456 3301 676 3361 usque
715 3280 808 3341 ad
853 3278 1191 3357 majorem
1235 3280 1676 3361 altitudinem
1720 3282 2047 3342 coluntur
2093 3298 2307 3359 quam

148 3377 155 3381 “
258 3359 467 3425 alibi.
512 3365 850 3424 Caeterum
870 3363 1142 3444 plantas
1168 3361 1740 3443 septentrionales
1763 3361 2074 3444 copiosas
2096 3361 2309 3421 habet

258 3462 376 3505 ex.
405 3463 506 3525 gr.
528 3444 845 3511 Azaleam
872 3443 1474 3524 procumbentem,
1504 3446 1899 3524 Empetrum
1916 3487 1937 3523 ‚
1967 3442 2307 3519 Arbutos;

238 3529 694 3604 ‘quamquam
756 3523 921 3587 aliae
966 3523 1222 3619 plantat⁸
1276 3522 1345 3584 ei
1397 3525 1700 3606 propriae
1751 3543 1792 3584 a
1837 3520 2309 3604 septentrione

261 3603 569 3671 omnino
622 3603 867 3676 alienae
929 3615 1071 3670 sint
1127 3624 1229 3667 ex.
1291 3624 1392 3688 gr.
1454 3604 1877 3667 Pedicularis
1940 3600 2307 3678 cithero-sa,

255 3684 740 3765 Hypochoeris
775 3685 1148 3761 Ιιεῖνειίοα,
1190 3685 1649 3764 Laserpitium
1669 3687 2043 3758 hirsutum,
2077 3677 2326 3770 Achilg

248 3766 411 3850 lea
435 3785 660 3841 nana,
699 3765 983 3830 Senecio
1023 3768 1312 3834 incanus
1348 3776 1472 3832 etc.
1551 3766 1780 3832 Sicuti,
1802 3768 1908 3827 hae
1937 3766 2191 3847 plantae
2224 3761 2306 3826 in

255 3849 509 3912 eadem
550 3846 920 3924 altitudine
966 3846 1265 3911 aliarum
1304 3845 1575 3929 alpium
1620 3866 1770 3918 non
1812 3838 2317 3923 inveniuntur,

1994 3967 2307 3993 ...n-u*

300 4040 370 4129 *2
407 4040 525 4093 Det
561 3996 709 4122 neu}
744 3997 1022 4107 Sammler
1056 4039 1152 4095 fur
1187 3996 1543 4107 Bfindten5.
1586 4058 1639 4123 p.
1672 4042 1807 4106 384·
1869 4093 1872 4096 ,
