2799 4642
924 229 1423 276 ...ΜΦ-
2042 245 2185 321 153

211 484 217 493 ,
319 411 952 487 batiscellanorum3
994 427 1119 469 nec
1165 424 1307 467 non
1369 403 1448 468 in
1494 402 1848 467 altissimis
1901 401 2180 484 alpibus

325 494 664 591 praecipue
694 485 1360 574 Engelbergensibus
1390 484 1716 546 omnibus
1746 483 2178 563 frequenter,

326 586 504 638 mter
550 572 739 634 nives
781 587 1113 652 perennes
1155 585 1371 645 usque
1418 566 1506 626 ad
1546 563 2179 648 Laubergratspitze

326 658 481 735 7500
517 655 724 737 pedes
767 648 975 732 paris.
1019 649 1354 709 elevatum
1397 647 1837 707 adscendens.

191 800 316 866 853.
349 804 624 866 ASTER
662 795 713 864 Α
731 821 798 861 m
817 797 894 860 el
913 798 939 858 l
955 819 998 858 u
1017 817 1046 858 s
1087 794 1275 857 Linn.
1295 815 1476 875 spec.
1489 795 1709 872 plant.
1731 792 1832 856 ed.
1856 789 2095 855 Willd.
2120 795 2178 858 Ξ.

162 930 163 937 1
413 906 481 965 p.
512 886 688 947 2051.
755 878 1032 941 Haller.
1055 897 1273 939 enum.
1302 896 1371 955 p.
1397 878 1534 949 726.
1562 897 1627 936 η.
1652 894 1709 938 2.
1752 864 1966 935 histoi-
1987 896 2051 934 n.
2077 877 2175 938 83.

255 965 424 1027 Hah.
463 963 540 1026 in
581 960 845 1023 ericetis
886 958 1136 1040 apricis
1180 956 1524 1038 praecipue
1574 954 1914 1017 montium
1946 954 2183 1015 humi-

327 1044 580 1106 liorum
598 1052 663 1103 et
678 1039 1091 1102 exteriorum
1103 1036 1376 1120 passim,
1406 1057 1506 1097 ex.
1524 1057 1624 1120 gr.
1640 1035 1716 1096 in
1737 1034 2052 1117 Utliberg
2074 1053 2186 1095 co-

329 1124 522 1206 piose
536 1167 556 1203 ‚
585 1123 660 1184 in
683 1130 916 1183 monte
936 1138 1145 1202 supra
1157 1115 1582 1199 Wipkingen
1603 1133 1817 1198 prope
1831 1114 2186 1177 Turicum.

188 1277 316 1352 854.
352 1272 807 1338 SOLIDAGO
856 1269 1346 1346 Virgaurea
1385 1267 1572 1329 Lz’nn.
1609 1283 1789 1344 spec.
1822 1262 2041 1342 plant!
2075 1262 2178 1324 ed.

410 1353 753 1435 W1·lld.‚3.
794 1370 863 1431 p.
899 1343 1079 1414 2065.
1119 1365 1289 1408 svee.
1328 1370 1396 1409 n.
1428 1345 1564 1424 754.
1608 1347 1890 1424 ῖαρροη.
1932 1366 1997 1405 η.
2038 1344 2182 1410 506.

409 1435 689 1525 Hflller.
725 1450 943 1494 enum.
981 1446 1050 1506 p.
1081 1442 1219 1505 729.
1259 1449 1326 1488 n.
1356 1448 1410 1489 1.
1452 1427 1690 1488 Ῑιίειον.
1715 1447 1780 1486 n.
1808 1423 1910 1504 69.

242 1536 250 1544 ·
335 1523 398 1593 β.
419 1515 683 1599 pumila
703 1508 942 1572 Willd.
975 1526 1152 1586 spec.
1175 1506 1392 1585 plant.
1426 1510 1484 1570 ὃ.
1525 1527 1595 1586 p.
1625 1506 1803 1581 2067.

259 1601 432 1663 Hah.
478 1597 552 1657 in
598 1592 813 1676 sylvis
854 1588 1205 1685 praecipue
1257 1586 1604 1649 montanis
1651 1596 1717 1647 et
1757 1580 2182 1664 subalpinis,

336 1679 521 1739 unde
550 1675 902 1737 adscendit
944 1669 1019 1729 in
1055 1687 1302 1750 pascua
1338 1667 1702 1729 macilenta
1738 1663 2004 1747 alpium
2044 1661 2184 1724 ibi-

334 1778 470 1839 que
510 1756 587 1818 in
629 1761 695 1831 β.
739 1759 1070 1828 mutatur,
1113 1748 1371 1828 ubique
1416 1747 1709 1829 copiose.

180 1912 320 1975 855.
364 1905 842 1970 CINERARIA
904 1896 1120 1963 cord
1130 1897 1158 1957 ι’
1150 1896 1408 1976 folia
1463 1896 1655 1963 Linn.
1719 1912 1899 1974 spec.
1962 1887 2187 1969 plant·

413 1987 515 2051 ed.
544 1983 781 2048 Willd.
812 1987 869 2047 ὅ.
910 2002 978 2063 ρ.
1008 1981 1186 2042 2085.
1254 1977 1510 2058 Jaequ.
1552 1984 1761 2038 austr.
1798 1983 1847 2037 t.
1888 1972 2020 2047 176.

326 2067 617 2132 ,Senecio
647 2065 929 2127 Haller.
973 2079 1193 2124 enum.
1239 2077 1308 2139 p.
1339 2060 1479 2132 750.
1522 2077 1587 2117 τι.
1628 2073 1683 2118 1.
1727 2054 1959 2126 histor.
1986 2071 2051 2110 n.
2080 2047 2184 2112 63.

256 2152 437 2214 Hal»
486 2149 563 2210 in
616 2145 882 2229 pascuis
937 2137 1244 2202 humidis
1295 2136 1638 2220 praecipue
1698 2135 1876 2199 circa
1921 2128 2188 2193 bovilia
2228 2128 2232 2149 ‘

251 2286 254 2289 ,
334 2227 601 2312 alpium
675 2246 749 2287 er
777 2223 1130 2306 regionem
1150 2217 1588 2298 subalpinam
1614 2224 1819 2278 totam
1851 2222 1915 2274 et
1946 2227 2192 2275 omnes

335 2310 525 2392 alpes
561 2308 636 2369 in
668 2305 921 2369 eriores
956 2319 1095 2383 quo
1137 2300 1344 2361 boves
1384 2306 1758 2379 pascuntur
1792 2288 2187 2376 vulgatissi-

336 2410 484 2464 ma;
524 2388 641 2450 vix
671 2405 834 2447 vero
868 2384 1050 2445 inter
1085 2377 1275 2441 nives
1310 2395 1645 2459 perennes
1677 2375 2019 2458 reperitur
2059 2391 2189 2430 un·-

240 2493 243 2496 ·
335 2489 578 2551 quam,
623 2486 748 2529 nec
787 2458 1132 2527 descendit
1170 2457 1356 2520 infra
1397 2455 1769 2519 terminum
1805 2451 2004 2537 Fagi‚
2046 2447 2190 2512 nisi.

337 2552 418 2613 in
450 2546 879 2613 convallibus
912 2536 1349 2620 inferalpinis
1376 2534 1913 2621 angustissimis,
1955 2551 2055 2592 ex.
2085 2550 2187 2613 gr.

334 2626 414 2693 in
454 2628 823 2693 Sandwald
867 2615 1423 2687 Glaronensium.
1501 2620 1608 2680 Ad
1650 2614 1967 2679 habitum
2009 2609 2191 2690 alpi-

334 2732 508 2774 num
538 2706 842 2795 regionis
876 2705 1032 2787 plus
1055 2698 1320 2768 confert
1339 2716 1545 2777 quam
1577 2698 1722 2759 ulla
1749 2695 1888 2757 alia
1913 2691 2150 2776 planta
2169 2733 2193 2765 ‚

333 2803 400 2853 et
449 2801 602 2873 apte
647 2792 733 2851 ab
783 2782 1031 2848 incolis
1071 2774 1538 2845 Staffelblume
1578 2777 1626 2842 i.
1660 2798 1721 2840 e.
1765 2778 1888 2856 flos
1930 2769 2190 2848 stabuli

339 2871 564 2955 alpini
601 2868 813 2933 dicitu
823 2888 876 2929 r.

251 2952 450 3015 Folia
470 2954 710 3013 subtus
734 2945 1023 3011 omnino
1041 2938 1298 3005 viridia
1318 2956 1738 3018 quamquam
1761 2933 1945 2997 lente
1974 2932 2193 2996 vitrea

167 3032 635 3098 arachnoidea
663 3031 977 3110 quaedam
1004 3017 1444 3107 pubescentia
1470 3036 1648 3099 saepe
1671 3017 2042 3096 detegatur.
2082 3012 2190 3074 Ab

166 3118 306 3179 hae
348 3113 857 3194 quodammodo
900 3107 1167 3168 diversa
1209 3111 1308 3163 est
1342 3100 1416 3161 Ὁ.
1457 3098 1702 3177 alpina
1740 3094 1928 3156 foliis
1972 3091 2193 3175 magis

164 3193 718 3279 triangularibus
780 3207 985 3269 quam
1050 3180 1380 3256 cordatis,
1441 3175 1803 3239 serraturis
1858 3173 2191 3236 foliorum

162 3279 409 3357 longis
463 3270 838 3336 extenuatis
887 3262 1294 3340 recurvatis,
1350 3260 1603 3320 florum
1653 3274 1857 3341 cyma
1905 3252 2197 3334 apbylla

160 3357 283 3419 vel
338 3354 526 3422 foliis
579 3347 1083 3414 bracteantibus
1141 3343 1413 3404 orbata:
1470 3356 1686 3418 eaque
1744 3335 1824 3398 in
1878 3330 2197 3412 Helvetia

156 3432 701 3519 septentrionali
738 3430 928 3492 haud
962 3440 1315 3489 occurrere
1347 3418 1645 3481 videtur.

160 3592 321 3658 856.
364 3587 637 3687 IDJULA
680 3577 1226 3679 dysenterica
1263 3571 1455 3634 Liren.
1484 3591 1664 3651 spec.
1691 3570 1792 3651 pl.
1819 3566 1922 3633 ed.
1945 3559 2190 3629 Willd.

160 3807 165 3814 .
343 3670 1382 3829 Αεῗὲξ.ἷῖιῖἱιὶ.εειῗ.νέξι1ιτξι.7ῗ)7;726.
1423 3751 1489 3790 η.
1519 3732 1576 3793 3.
1618 3730 1848 3821 histor.
1878 3749 1941 3787 n.
1976 3740 2075 3804 79.

248 3830 438 3894 Hah.
462 3826 536 3889 in
564 3822 838 3902 aquosis
863 3832 1206 3903 praecnpue
1230 3813 1317 3872 ad
1337 3828 1550 3906 pagos
1572 3811 1853 3902 ubique.
1940 3808 2194 3868 Ceterae

242 3919 249 3925 ’
336 3909 558 3972 Inulae
612 3912 874 3965 tantum
921 3897 998 3963 in
1046 3900 1431 3958 Germamae
1470 3886 1791 3955 confinns
1838 3900 2193 3948 occurrere

338 3990 686 4056 videntur.
787 4017 791 4021 ·

614 4145 666 4200 ό
