2799 4642
2111 154 2140 178 δὲ

2155 262 2239 311 LI

264 403 671 488 fuliginosa
688 422 717 481 ‚-
784 419 1026 465 omnes
1079 408 1310 471 tamen
1364 405 1823 485 quantitatem
1874 428 2020 472 non
2064 415 2238 480 adeo

272 505 596 584 magnam
621 481 1072 547 constituunt.
1117 487 1373 546 Contra
1397 484 1637 548 Svecia
1659 486 1842 548 ultra
1869 491 1950 550 60
1974 494 2235 574 species

269 571 598 631 Caricam
633 563 792 640 alit,
835 584 1132 643 quarum
1219 567 1521 646 leraeque
1566 567 1902 649 palustres
1940 584 2103 636 sunt
2135 587 2238 639 at-

267 670 407 730 que
456 657 595 710 tam
641 645 918 741 copiose
972 586 1262 728 paludzes
1325 664 1566 709 omnes
1623 649 1927 731 replent,
1982 663 2059 714 ut
2109 655 2237 720 illa

267 742 452 793 terra
493 735 877 810 quantitate
916 727 1238 817 Carinum
1287 728 1508 811 duplo
1558 727 1670 791 vel
1712 728 1922 814 triplo
1968 734 2235 813 majore

263 820 516 874 onusta
555 807 650 871 sit
688 820 898 890 quam
938 807 1276 871 Helvetia.

183 917 244 1001 ς.
288 921 389 982 55.
429 917 757 980 Gramina
822 926 1060 978 contra
1111 914 1507 999 copiosiora
1552 926 1717 981 sunt
1776 917 1853 983 in
1910 923 2228 989 Heluetia

266 1006 503 1080 utpote
534 997 812 1060 circiter
835 998 914 1059 83
954 995 1211 1080 species
1232 998 1597 1072 habentia,
1640 1002 2231 1096 quaepl'erumque

258 1080 644 1141 admodum
700 1077 1021 1160 vulgares
1065 1088 1247 1142 sunt.
1330 1081 1649 1142 Helvetia
1704 1084 1986 1161 quidem
2048 1097 2231 1151 caret

265 1158 635 1222 nonnullis
679 1152 852 1220 Afris
901 1160 1399 1241 campestribus
1445 1170 1513 1222 et
1553 1162 1929 1244 arenariis»,
1971 1174 2044 1228 et
2086 1187 2231 1237 uno

263 1241 569 1314 alterove
597 1238 913 1323 gramine
941 1242 1284 1323 paludoso
1314 1262 1417 1304 ex.
1452 1261 1555 1326 gr.
1581 1241 1919 1305 Arundine
1953 1247 2233 1324 stricta,-

256 1323 386 1385 sed
437 1319 596 1383 aliis
638 1318 874 1383 multis
922 1320 1361 1403 graminibus
1411 1322 1738 1406 inprimis
1791 1326 2234 1408 pratensibus

255 1399 574 1464 Sveciam
623 1401 836 1483 longe
889 1410 1202 1484 superat,
1265 1423 1420 1484 quae
1469 1405 1547 1467 in
1593 1406 1781 1509 alpes
1839 1406 2095 1468 mirum
2151 1408 2232 1472 in

265 1482 561 1542 modum
613 1482 1043 1542 adscendunt
1091 1492 1158 1544 et
1211 1504 1464 1564 pascua
1516 1485 1642 1547 illa
1690 1485 1929 1568 alpina
1978 1489 2238 1551 consti-

267 1569 514 1640 tuum,
570 1560 825 1640 quibus
879 1564 1107 1641 quoad
1161 1564 1533 1627 maximam
1587 1577 1860 1648 partem
1917 1567 2234 1632 destitui-

265 1651 383 1704 tur
423 1641 806 1724 Lapponia.
1932 1676 1936 1688 ·

184 1744 711 1830 Tripelaloideoe
778 1767 956 1809 cum.
1006 1747 1250 1810 Juncis
1311 1746 1430 1811 vix
1491 1750 2006 1817 numerosiores
2066 1726 2233 1819 sunt

256 1842 478 1910 'quam
548 1826 628 1889 in
690 1825 928 1890 Sveeia
986 1826 1012 1889 i
1063 1847 1276 1909 saque
1348 1831 1743 1912 Lapponia3
1804 1854 2232 1914 quamquam

264 1910 524 1991 Iuncus
564 1908 796 1976 niveus
843 1918 998 1969 et-ct
1075 1908 1222 1971 idus
1270 1910 1604 1976 Helvetiae
1644 1925 2054 1978 ornamento
2085 1916 2234 1989 >sint

264 2009 311 2051 a
347 1987 725 2071 Lapponia-
753 1987 953 2049 valde
995 1989 1250 2051 alieno.
1721 2048 1728 2055 .

185 2068 493 2150 Piperitoe
527 2070 629 2139 ,ob
662 2068 926 2131 Gallam
968 2078 1035 2130 et
1073 2073 1420 2135 Zosteram
1451 2067 1883 2148 deficientem
1916 2070 2059 2136 fere
2099 2072 2231 2140 mi·-

267 2148 463 2214 noris
500 2158 665 2214 sunt
703 2148 1041 2212 momenti
1080 2149 1162 2212 in
1197 2149 1516 2213 Helvetia
1552 2171 1764 2233 quam
1805 2153 2178 2218 in‘Sveeia.

188 2254 250 2341 S.
293 2255 395 2319 56.
433 2253 1086 2318 Sarmentacearum
1139 2254 1415 2318 circiter
1480 2258 1522 2318 8
1581 2246 1842 2341 species
1902 2270 2068 2326 sunt
2122 2263 2237 2327 vel

267 2356 417 2402 non
453 2337 686 2419 plures
709 2337 1018 2416 quamin
1041 2336 1559 2433 septentrione,
1603 2360 1729 2402 nec
1755 2340 1964 2403 altius
1994 2363 2235 2407 versus

267 2420 460 2500 alpes
501 2417 1066 2500 adscen'dunt‚,si
1107 2419 1535 2502 singularem
1585 2418 1782 2481 illam
1826 2421 2235 2485 Uvuldriam

273 2496 844 2578 arapha-{foliam
883 2497 1305 2581 excipiamus
1335 2517 1421 2559 ex
1447 2497 1651 2562 Italia
1688 2500 1767 2564 in
1799 2504 2034 2587 sylvas
2072 2506 2239 2568 sub-

262 2580 535 2664 alpinas
573 2579 670 2640 St.
712 2577 1083 2641 Gotthardi
1123 2581 1681 2642 adscendentem.
2127 2613 2138 2625 ›

203 2685 584 2751 Coronarz‘oe
614 2685 854 2747 saltem
885 2706 924 2765 9
944 2684 1204 2766 species
1232 2680 1684 2762 constituunt,
1726 2681 1962 2764 itaque
1991 2697 2234 2751 nume-

273 2765 570 2831 rosiores
593 2776 759 2829 sunt
782 2785 992 2846 quam
1021 2764 1098 2826 in
1119 2763 1376 2827 Svecia.
1457 2763 1593 2825 Sed
1618 2763 1840 2844 magis
1869 2764 2231 2848 miramur,

270 2850 464 2930 quod
511 2867 673 2910 cum
708 2847 787 2909 in
834 2844 1196 2928 Lapponia
1242 2841 1537 2907 omnino
1595 2843 2231 2924 desiderentur,·in

272 2927 589 2993 Helvetia
627 2928 840 3013 longe
881 2929 1300 2988 adscendant
1341 2924 1418 2987 in
1464 2925 1654 3007 alpes
1702 2927 1958 2987 nudas:
1995 2927 2232 2989 Anthe-

272 3008 893 3071 rz’cum-serotinum
927 3006 1007 3069 in
1042 3006 1331 3091 regione
1350 3005 1705 3069 subnivali
1725 3006 1972 3068 altiore
1998 3005 2234 3071 sedem

273 3089 412 3153 sibi
440 3087 740 3170 maxime
769 3085 1293 3151 convenientem
1321 3108 1395 3149 re
1448 3086 1611 3166 erit3
1649 3087 2087 3168 liuthericum
2121 3088 2231 3150 Li·

270 3170 595 3233 liastrum
630 3168 920 3233 floribus
955 3167 1101 3231 suis
1137 3187 1372 3231 revera
1439 3165 1704 3230 iliaceis
1742 3178 2233 3233 ornamentum

272 3253 472 3314 valde
514 3250 958 3333 inopinatum
999 3249 1270 3332 alpium
1311 3244 1541 3311 efficit.
1901 3317 1912 3324 ‚

192 3329 598 3412 Spathaceoe
650 3350 932 3410 quoque
981 3330 1492 3393 numerosiores
1539 3335 1706 3391 sunt
1748 3326 1844 3395 in.
1875 3329 2227 3410 Helvetia,

272 3424 339 3475 et
371 3433 458 3475 ex
489 3411 579 3475 iis
611 3410 1014 3474 Colchicum
1055 3410 1200 3473 fere
1233 3410 1310 3472 in
1338 3411 1530 3492 alpes
1555 3410 1943 3492 adscendit,
1983 3411 2063 3474 ln
2089 3420 2230 3474 tota

252 3492 734 3566 ,Scandinavia
771 3493 962 3558 haud
1003 3501 1374 3574 repertum.
1788 3552 1793 3556 .
1963 3498 1980 3512 ”

190 3569 454 3636 Ensaeoe
503 3572 646 3635 fere
688 3575 935 3635 eodem
983 3575 1194 3636 modo
1243 3573 1542 3637 Crocum
1608 3594 1883 3640 vernum
1927 3570 2007 3633 in
2056 3569 2229 3654 ipsis

270 3657 340 3718 al
395 3653 872 3718 ibus-habent.
998 3645 1018 3664 ’
1836 3715 1840 3718 Α
1897 3713 1903 3724 ,
2127 3705 2134 3712 ,

197 3736 327 3799 Orc
381 3733 542 3799 ideoe
593 3754 831 3797 revera
875 3733 1236 3819 pauciores
1281 3742 1447 3797 sunt
1494 3742 1731 3818 utpote
1775 3750 2077 3813 quarum
2114 3729 2235 3798 vix

272 3825 541 3880 exstant
585 3815 821 3898 plures
868 3834 1081 3895 quam
1123 3833 1199 3895 27
1236 3815 1497 3898 species
1546 3814 1623 3878 in
1665 3813 2017 3892 Helvetia;
2072 3833 2233 3876 cum
2297 3895 2302 3899 ι

267 3899 508 3959 Svecia
553 3898 648 3960 ob
690 3917 913 3960 >unam
962 3898 1330 3960 alteramve
1370 3896 1745 3962 Orchidem
1788 3902 2235 3978 campestrem

269 3998 374 4042 ex.
386 4000 498 4065 gr.
529 3977 889 4060 Orehidem
920 3977 1395 4045 sambucinam
1413 4018 1435 4059 ‚
1476 3987 1542 4044 et
1571 3978 1833 4042 multas
1859 3975 2237 4062 Ophrydes
