2799 4642
609 293 843 345 XXXII

605 457 860 512 statum
887 448 1056 511 anni
1084 468 1332 530 parum
1360 441 1629 526 differt,
1669 445 1793 527 niqt
1820 450 1908 509 ad
1933 444 2307 510 tei-minum
2329 444 2639 514 nivalem

605 530 746 591 fere
771 552 861 591 nu
874 550 1128 609 nquam
1145 529 1441 589 solvitur
1456 532 1881 609 eandemque
1898 527 2348 589 elevationem
2365 546 2640 612 semper

604 613 832 675 habet.
896 612 1131 688 Itaque
1161 609 1367 670 etiam
1392 609 1802 670 recentiores
1827 611 2027 670 illum
2053 609 2426 670 terminum
2454 612 2639 674 nivis

605 690 933 754 solventis
962 699 1209 750 vocant
1244 688 1543 768 eumque
1581 691 1715 750 hoc
1750 690 1903 771 ipso
1950 688 2232 751 nomine
2269 688 2638 754 definiunt.

606 774 772 834 Haec
804 790 974 832 -vero
1025 767 1503 831 denominatio
1546 780 1612 830 et
1650 769 1965 833 definitio
2010 766 2086 831 in
2139 769 2338 831 terris
2381 772 2642 855 hyper-

606 853 868 933 boreis,
914 849 1038 911 ubi
1087 851 1274 910 calor
1315 850 1587 912 aestivus
1627 872 1845 931 usque
1890 852 2071 911 ultra
2115 850 2487 913 terminum
2527 853 2642 915 ni-

605 935 826 994 valem
876 930 1036 992 satis
1082 929 1380 1013 insignis
1423 941 1553 1008 est,
1595 932 1784 993 haud
1823 928 2075 992 sufficit
2114 933 2224 993 ‘vel
2265 932 2492 993 saltim
2547 935 2637 996 ad

605 1011 1164 1094 investigandum
1195 1011 1399 1072 illum
1428 1012 1800 1072 terminum
1831 1013 1908 1073 in
1932 1012 2040 1072 his
2073 1012 2267 1074 terris
2299 1028 2441 1073 non
2468 1014 2637 1076 satis

607 1095 889 1154 evidens
934 1102 1089 1152 est.·
1135 1091 1269 1153 Hic
1315 1093 1505 1152 calor
1551 1092 1823 1155 aestivus
1869 1113 2287 1172 quamquam
2336 1094 2641 1156 breviter

609 1177 864 1235 durans
895 1171 1124 1232 nivem
1158 1173 1329 1235 adeo
1361 1172 1603 1251 solvit,
1638 1183 1712 1234 ut
1742 1173 1891 1236 loca
1927 1173 2087 1239 nive
2123 1193 2266 1235 non
2288 1171 2639 1254 profunde

605 1257 867 1316 obtecta
913 1254 1353 1314 denudentur
1410 1255 1499 1314 ad
1555 1255 2008 1316 elevationem
2073 1252 2464 1338 insignem,
2508 1256 2639 1318 ubi

603 1332 1013 1419 vegetabilia
1036 1333 1446 1414 perfectiora
1475 1335 1664 1395 haud
1691 1334 2150 1396 inveniuntur
2186 1344 2252 1394 et
2295 1335 2417 1395 ubi
2457 1345 2640 1397 cete&

602 1416 860 1495 roquin
892 1414 1083 1475 nives
1122 1416 1293 1476 adeo
1332 1425 1624 1496 regnant
1666 1426 1740 1475 ut
1784 1413 1887 1476 ibi
1926 1414 2282 1494 regionem
2325 1414 2633 1479 nivalem

602 1516 864 1579 ponere
904 1493 1362 1555 necessarium
1402 1497 1511 1556 sit.
1591 1496 1866 1557 Accedit
1906 1498 2093 1574 quod
2124 1494 2312 1556 venti
2346 1495 2421 1556 in
2452 1500 2632 1578 Lap-

602 1578 818 1659 ponia
837 1574 1065 1636 hieme
1093 1574 1386 1636 maxime
1403 1575 1691 1636 violenti
1713 1575 1944 1636 nivem
1969 1578 2343 1636 admodum
2371 1576 2637 1658 disper-

604 1670 780 1739 gunt
823 1668 886 1718 et
942 1665 1186 1715 terram
1238 1654 1378 1715 fere
1436 1657 1793 1716 denudant
1846 1655 1923 1717 in
1971 1655 2164 1739 jugis
2222 1657 2631 1737 altioribus;

603 1737 793 1818 quod
842 1737 986 1818 ipse
1026 1736 1189 1797 satis
1232 1745 1547 1818 expertus
1584 1756 1735 1797 sum
1789 1755 1945 1797 cum
1997 1757 2121 1818 per
2162 1737 2347 1818 alpes
2382 1738 2634 1820 lappo-

600 1819 792 1881 nicas
826 1819 1053 1879 hieme
1089 1817 1220 1877 iter
1268 1816 1578 1878 fecissem
1630 1827 1694 1877 et
1744 1818 2086 1878 rhenones
2123 1820 2383 1878 traham
2428 1838 2632 1882 suam.

602 1898 682 1960 in
720 1909 898 1959 terra
927 1899 1269 1958 denudata
1299 1897 1415 1959 vix
1452 1899 1853 1977 protrahere
1883 1896 2284 1978 potuissent.
2371 1901 2632 1962 Contra

603 1978 681 2040 in
728 1976 1039 2039 Helvetia
1087 1976 1346 2038 hiemes
1393 1979 1593 2038 nullo
1644 1978 2160 2057 tranquilliores
2203 1979 2326 2040 sed
2367 1982 2632 2044 aestates

600 2058 824 2120 ventis
862 2058 1078 2137 magis
1121 2068 1374 2119 vexatae
1414 2058 1501 2118 ob
1546 2057 1978 2140 explosiones
2005 2058 2393 2138 frequentes
2440 2064 2637 2123 toni-

601 2146 713 2200 tru
752 2150 872 2200 etc.
953 2143 1051 2200 Ex
1086 2137 1195 2198 his
1233 2149 1413 2220 patet
1444 2142 1633 2217 quod
1676 2139 1798 2199 nix
1829 2140 2056 2200 soluta
2093 2148 2157 2198 et
2194 2149 2370 2201 terra
2404 2138 2634 2202 denu-

603 2219 759 2279 data
803 2220 989 2279 haud
1031 2210 1322 2289 sufficiat
1373 2221 1461 2278 ad
1509 2217 1877 2280 terminum
1934 2221 2233 2280 nivalem
2277 2218 2632 2283 definien-

606 2302 795 2361 dum.
875 2298 1005 2362 Ubi
1034 2300 1158 2361 711⁵ae
1187 2302 1256 2362 in
1302 2301 1566 2380 campis
1598 2300 2025 2380 planioribus
2069 2299 2332 2380 (hieme
2373 2303 2634 2381 aequali

604 2381 750 2443 fere
812 2381 1181 2442 altitudine
1251 2379 1475 2462 tectis)
1550 2391 1803 2442 terram
1877 2380 2069 2463 quod
2132 2380 2229 2443 acl
2293 2388 2636 2458 majorem

603 2472 872 2542 partem
892 2483 1013 2543 per
1051 2471 1306 2524 oestates
1335 2463 1696 2544 plerasque
1728 2482 1985 2543 semper
2012 2465 2217 2543 legit,
2260 2463 2364 2524 ihi
2398 2465 2636 2527 termi-

599 2562 772 2604 num
820 2544 1117 2605 nivalem
1161 2563 1419 2624 ponere
1458 2543 1855 2606 voluissem.
1987 2560 2002 2566 “

682 2620 742 2702 §.
783 2628 883 2684 33.
970 2624 1175 2702 Calor
1231 2624 1352 2684 ille
1406 2622 1677 2685 aestivus
1740 2624 1830 2684 ad
1890 2621 2265 2684 terminum
2321 2623 2631 2689 nivalem

599 2702 978 2784 Lapponiae
1036 2722 1177 2764 non
1228 2703 1347 2778 diu
1399 2723 1844 2783 permanens,
1899 2700 2150 2765 sufficit
2203 2705 2485 2782 quidem
2533 2710 2630 2768 ad

600 2783 833 2844 nivem
857 2785 1256 2844 solvendam
1288 2792 1351 2845 et
1381 2794 1633 2845 terram
1658 2787 2181 2863 denudandam,
2217 2788 2333 2845 sed
2354 2786 2628 2866 plantas

600 2863 1039 2944 perfectiores
1080 2863 1371 2925 excitare
1414 2883 1557 2925 non
1585 2875 1824 2946 potest.
1905 2869 2144 2943 Itaque
2185 2867 2436 2945 plantae
2470 2888 2633 2948 per-

594 2946 911 3006 fectiores
968 2963 1175 3025 supra
1230 2944 1522 3009 limitem
1581 2946 1883 3006 nivalem
1944 2950 2061 3006 vix
2116 2959 2483 3007 occurrunt
2543 2948 2630 3010 in

593 3024 957 3107 Lapponia
998 3043 1419 3104 quamquam
1455 3045 1596 3087 non
1630 3046 1937 3087 caremus
1967 3025 2071 3087 ihi
2107 3036 2282 3087 terra
2312 3025 2471 3087 nive
2508 3031 2632 3090 de·-

569 3109 896 3168 ‘nudataz
938 3105 1079 3188 legi
1123 3116 1387 3166 tantum
1433 3127 1576 3167 uno
1613 3109 1913 3169 alterove
1954 3108 2109 3168 loco
2151 3105 2629 3188 Saxtsragctm

601 3185 1160 3265 oppositifoliam
1191 3184 1258 3248 'et
1291 3186 1775 3248 Ranunculum
1813 3188 2220 3267 glacialem.
2308 3189 2418 3248 Ob
2458 3208 2631 3252 ean-

599 3268 757 3328 dem
792 3286 1063 3328 eausam
1098 3266 1414 3328 fruticuli
1445 3268 1666 3349 alpini
1694 3269 1951 3329 summi
1993 3288 2031 3328 a
2073 3266 2364 3329 termino
2398 3268 2628 3334 nivali

594 3366 742 3408 non
764 3367 1011 3427 parum
1043 3346 1316 3409 distant·
1403 3350 1657 3409 Contra
1684 3349 1758 3408 in
1787 3347 2100 3410 Helvetia
2129 3349 2215 3409 ad
2244 3348 2628 3416 terminum

596 3429 900 3489 nivalem
948 3429 1136 3488 calor
1180 3428 1500 3490 aestivalis
1552 3429 1768 3511 magis
1824 3429 2135 3490 modicus
2199 3429 2432 3490 nivem
2472 3450 2628 3494 non

597 3518 733 3568 tam
783 3506 1014 3570 subito
1062 3508 1268 3569 solvit
1315 3530 1443 3571 nec
1488 3509 1780 3591 impedit
1830 3510 2226 3590 quominus¹
2262 3529 2440 3571 nova
2494 3510 2627 3575 nix
2690 3522 2704 3534 “

597 3593 792 3650 cadat
828 3602 891 3650 et
919 3601 1212 3649 veterem
1244 3588 1473 3650 nivem
1508 3602 1898 3666 conservet3
1944 3600 2239 3653 attamen
2271 3590 2436 3669 quia
2460 3590 2628 3653 diu-

590 3668 732 3756 ‘tius
766 3672 1094 3749 perdurat
1120 3671 1535 3753 vegeta-bilia
1569 3670 2035 3752 pulcherrima
2062 3681 2384 3751 provocat
2412 3682 2625 3749 atque

595 3748 800 3809 etiam
834 3750 1193 3812 fruticulos
1229 3753 1610 3812 nonnullos
1648 3751 1912 3813 excitat.
1997 3755 2092 3812 Ex
2123 3751 2629 3814 observationi-

595 3831 725 3890 bus
747 3831 1100 3891 Saussurii
1125 3831 1567 3911 aliorumque
1590 3832 1942 3909 cognitum
1967 3831 2372 3893 estSilenem
2397 3851 2620 3893 acau-

600 3908 768 3985 Iem,
803 3909 1098 3974 Areliam
1139 3912 1542 3990 helveticum
1585 3909 1729 3992 (vel
1764 3912 1997 3994 potius
2027 3907 2100 3974 Α.
2132 3912 2445 3990 alpinam
2472 3930 2625 3974 var.

595 3999 1043 4057 comentosam
1082 3992 1454 4074 Schleich.)
1490 3992 1800 4075 aliasque
1839 3994 2057 4057 multa
2098 3991 2323 4055 millia
2355 3994 2624 4075 pedum
