<?xml version="1.0" encoding="UTF-8"?>
<!DOCTYPE html PUBLIC "-//W3C//DTD XHTML 1.0 Transitional//EN"
    "http://www.w3.org/TR/xhtml1/DTD/xhtml1-transitional.dtd">
<html xmlns="http://www.w3.org/1999/xhtml" xml:lang="en" lang="en">
 <head>
  <title>
</title>
<meta http-equiv="Content-Type" content="text/html;charset=utf-8" />
  <meta name='ocr-system' content='tesseract 3.04.00' />
  <meta name='ocr-capabilities' content='ocr_page ocr_carea ocr_par ocr_line ocrx_word'/>
</head>
<body>
  <div class='ocr_page' id='page_1' title='image "./georgiiwahlenbe00wahlgoog_0081.png"; bbox 0 0 2799 4642; ppageno 0'>
   <div class='ocr_carea' id='block_1_1' title="bbox 1912 248 2187 303">
    <p class='ocr_par' dir='ltr' id='par_1_1' title="bbox 1912 248 2187 303">
     <span class='ocr_line' id='line_1_1' title="bbox 1912 248 2187 303; baseline 0.018 -7"><span class='ocrx_word' id='word_1_1' title='bbox 1912 248 2187 303; x_wconf 73' lang='lat' dir='ltr'>LXXIII</span> 
     </span>
    </p>
   </div>
   <div class='ocr_carea' id='block_1_2' title="bbox 167 402 2249 2744">
    <p class='ocr_par' dir='ltr' id='par_1_2' title="bbox 167 402 2249 2416">
     <span class='ocr_line' id='line_1_2' title="bbox 253 402 2195 486; baseline -0.003 -16"><span class='ocrx_word' id='word_1_2' title='bbox 253 407 427 470; x_wconf 87' lang='lat' dir='ltr'><strong>Tam</strong></span> <span class='ocrx_word' id='word_1_3' title='bbox 464 419 710 486; x_wconf 72' lang='lat' dir='ltr'><strong>magna</strong></span> <span class='ocrx_word' id='word_1_4' title='bbox 756 407 1213 484; x_wconf 73' lang='lat' dir='ltr'><strong>temperatura</strong></span> <span class='ocrx_word' id='word_1_5' title='bbox 1265 402 1495 467; x_wconf 90' lang='lat' dir='ltr'><strong>media</strong></span> <span class='ocrx_word' id='word_1_6' title='bbox 1544 404 1620 467; x_wconf 90' lang='lat' dir='ltr'><strong>in</strong></span> <span class='ocrx_word' id='word_1_7' title='bbox 1659 404 1814 467; x_wconf 86' lang='lat' dir='ltr'><strong>loco</strong></span> <span class='ocrx_word' id='word_1_8' title='bbox 1861 423 1900 464; x_wconf 89' lang='lat' dir='ltr'><strong>a</strong></span> <span class='ocrx_word' id='word_1_9' title='bbox 1939 405 2195 465; x_wconf 82' lang='lat' dir='ltr'><strong>Turieo</strong></span> 
     </span>
     <span class='ocr_line' id='line_1_3' title="bbox 179 482 2196 570; baseline -0.002 -20"><span class='ocrx_word' id='word_1_10' title='bbox 179 508 329 550; x_wconf 83' lang='lat' dir='ltr'><strong>non</strong></span> <span class='ocrx_word' id='word_1_11' title='bbox 379 486 653 570; x_wconf 85' lang='lat' dir='ltr'><strong>longius</strong></span> <span class='ocrx_word' id='word_1_12' title='bbox 709 493 972 545; x_wconf 89' lang='lat' dir='ltr'><strong>remoto</strong></span> <span class='ocrx_word' id='word_1_13' title='bbox 1022 492 1088 544; x_wconf 89' lang='lat' dir='ltr'><strong>et</strong></span> <span class='ocrx_word' id='word_1_14' title='bbox 1130 484 1245 560; x_wconf 81' lang='lat'><strong>405</strong></span> <span class='ocrx_word' id='word_1_15' title='bbox 1288 487 1495 565; x_wconf 84' lang='lat' dir='ltr'><strong>pedes</strong></span> <span class='ocrx_word' id='word_1_16' title='bbox 1547 483 1752 546; x_wconf 88' lang='lat' dir='ltr'><strong>altius</strong></span> <span class='ocrx_word' id='word_1_17' title='bbox 1808 482 2013 544; x_wconf 88' lang='lat' dir='ltr'><strong>etiam</strong></span> <span class='ocrx_word' id='word_1_18' title='bbox 2056 482 2196 546; x_wconf 80' lang='lat' dir='ltr'><strong>sito</strong></span> 
     </span>
     <span class='ocr_line' id='line_1_4' title="bbox 182 561 2198 648; baseline -0.003 -18"><span class='ocrx_word' id='word_1_19' title='bbox 182 567 365 648; x_wconf 87' lang='lat' dir='ltr'><strong>(scil.</strong></span> <span class='ocrx_word' id='word_1_20' title='bbox 419 583 557 643; x_wconf 78' lang='lat'>1721</span> <span class='ocrx_word' id='word_1_21' title='bbox 608 564 818 648; x_wconf 87' lang='lat' dir='ltr'><strong>paris.</strong></span> <span class='ocrx_word' id='word_1_22' title='bbox 863 561 1016 645; x_wconf 89' lang='lat' dir='ltr'><strong>ped.</strong></span> <span class='ocrx_word' id='word_1_23' title='bbox 1054 583 1264 645; x_wconf 87' lang='lat' dir='ltr'><strong>supra</strong></span> <span class='ocrx_word' id='word_1_24' title='bbox 1317 561 1538 642; x_wconf 77' lang='lat' dir='ltr'><strong>mare)</strong></span> <span class='ocrx_word' id='word_1_25' title='bbox 1593 583 1737 625; x_wconf 86' lang='lat' dir='ltr'><strong>non</strong></span> <span class='ocrx_word' id='word_1_26' title='bbox 1783 573 2002 646; x_wconf 87' lang='lat' dir='ltr'><strong>potest</strong></span> <span class='ocrx_word' id='word_1_27' title='bbox 2052 582 2198 624; x_wconf 86' lang='lat' dir='ltr'><strong>non</strong></span> 
     </span>
     <span class='ocr_line' id='line_1_5' title="bbox 178 643 2200 721; baseline -0.003 -11"><span class='ocrx_word' id='word_1_28' title='bbox 178 646 702 710; x_wconf 82' lang='lat' dir='ltr'><strong>admirationem</strong></span> <span class='ocrx_word' id='word_1_29' title='bbox 734 652 1034 707; x_wconf 78' lang='lat' dir='ltr'><strong>nostram</strong></span> <span class='ocrx_word' id='word_1_30' title='bbox 1068 644 1396 721; x_wconf 80' lang='lat' dir='ltr'><strong>excitare3</strong></span> <span class='ocrx_word' id='word_1_31' title='bbox 1441 655 1505 706; x_wconf 88' lang='lat' dir='ltr'><strong>et</strong></span> <span class='ocrx_word' id='word_1_32' title='bbox 1535 643 1780 706; x_wconf 81' lang='lat' dir='ltr'><strong>exinde</strong></span> <span class='ocrx_word' id='word_1_33' title='bbox 1822 643 2025 705; x_wconf 88' lang='lat' dir='ltr'><strong>nobis</strong></span> <span class='ocrx_word' id='word_1_34' title='bbox 2062 644 2200 705; x_wconf 88' lang='lat' dir='ltr'><strong>ela-</strong></span> 
     </span>
     <span class='ocr_line' id='line_1_6' title="bbox 181 723 2199 807; baseline -0.002 -17"><span class='ocrx_word' id='word_1_35' title='bbox 181 749 334 790; x_wconf 85' lang='lat' dir='ltr'><strong>rum</strong></span> <span class='ocrx_word' id='word_1_36' title='bbox 371 725 443 788; x_wconf 90' lang='lat' dir='ltr'><strong>fit</strong></span> <span class='ocrx_word' id='word_1_37' title='bbox 490 733 830 807; x_wconf 88' lang='lat' dir='ltr'><strong>quantum</strong></span> <span class='ocrx_word' id='word_1_38' title='bbox 878 724 1118 787; x_wconf 79' lang='lat' dir='ltr'><strong>caelum</strong></span> <span class='ocrx_word' id='word_1_39' title='bbox 1161 724 1488 805; x_wconf 85' lang='lat' dir='ltr'><strong>ventique</strong></span> <span class='ocrx_word' id='word_1_40' title='bbox 1534 723 1750 786; x_wconf 81' lang='lat' dir='ltr'><strong>ltaliae</strong></span> <span class='ocrx_word' id='word_1_41' title='bbox 1797 723 2042 786; x_wconf 82' lang='lat' dir='ltr'><strong>vicinae</strong></span> <span class='ocrx_word' id='word_1_42' title='bbox 2081 743 2199 785; x_wconf 86' lang='lat' dir='ltr'><strong>va-</strong></span> 
     </span>
     <span class='ocr_line' id='line_1_7' title="bbox 181 803 2200 888; baseline -0.003 -17"><span class='ocrx_word' id='word_1_43' title='bbox 181 809 360 872; x_wconf 85' lang='lat' dir='ltr'><strong>leant</strong></span> <span class='ocrx_word' id='word_1_44' title='bbox 398 809 485 869; x_wconf 92' lang='lat' dir='ltr'><strong>ad</strong></span> <span class='ocrx_word' id='word_1_45' title='bbox 527 814 1055 888; x_wconf 82' lang='lat' dir='ltr'><strong>temperaturam</strong></span> <span class='ocrx_word' id='word_1_46' title='bbox 1087 807 1506 868; x_wconf 84' lang='lat' dir='ltr'><strong>convallium</strong></span> <span class='ocrx_word' id='word_1_47' title='bbox 1542 803 2017 887; x_wconf 86' lang='lat' dir='ltr'><strong>proximarum</strong></span> <span class='ocrx_word' id='word_1_48' title='bbox 2048 825 2200 865; x_wconf 91' lang='lat' dir='ltr'><strong>mu-</strong></span> 
     </span>
     <span class='ocr_line' id='line_1_8' title="bbox 184 884 2196 968; baseline -0.002 -18"><span class='ocrx_word' id='word_1_49' title='bbox 184 890 474 950; x_wconf 75' lang='lat' dir='ltr'><strong>tandam.</strong></span> <span class='ocrx_word' id='word_1_50' title='bbox 544 888 643 949; x_wconf 89' lang='lat' dir='ltr'><strong>Hi</strong></span> <span class='ocrx_word' id='word_1_51' title='bbox 667 884 856 948; x_wconf 90' lang='lat' dir='ltr'><strong>venti</strong></span> <span class='ocrx_word' id='word_1_52' title='bbox 880 884 1223 968; x_wconf 84' lang='lat' dir='ltr'><strong>praecipue</strong></span> <span class='ocrx_word' id='word_1_53' title='bbox 1253 896 1778 968; x_wconf 84' lang='lat' dir='ltr'><strong>temperaturam</strong></span> <span class='ocrx_word' id='word_1_54' title='bbox 1802 885 2196 968; x_wconf 84' lang='lat' dir='ltr'><strong>hyemalem</strong></span> 
     </span>
     <span class='ocr_line' id='line_1_9' title="bbox 186 965 2200 1049; baseline -0.002 -19"><span class='ocrx_word' id='word_1_55' title='bbox 186 968 434 1031; x_wconf 87' lang='lat' dir='ltr'><strong>mirum</strong></span> <span class='ocrx_word' id='word_1_56' title='bbox 469 968 548 1030; x_wconf 88' lang='lat' dir='ltr'><strong>in</strong></span> <span class='ocrx_word' id='word_1_57' title='bbox 591 969 875 1028; x_wconf 87' lang='lat' dir='ltr'><strong>modum</strong></span> <span class='ocrx_word' id='word_1_58' title='bbox 909 965 1259 1049; x_wconf 86' lang='lat' dir='ltr'><strong>mitigant,</strong></span> <span class='ocrx_word' id='word_1_59' title='bbox 1306 986 1458 1046; x_wconf 84' lang='lat' dir='ltr'><strong>quae</strong></span> <span class='ocrx_word' id='word_1_60' title='bbox 1499 965 1764 1027; x_wconf 88' lang='lat' dir='ltr'><strong>diversa</strong></span> <span class='ocrx_word' id='word_1_61' title='bbox 1805 965 1979 1026; x_wconf 87' lang='lat' dir='ltr'><strong>ratio</strong></span> <span class='ocrx_word' id='word_1_62' title='bbox 2030 976 2200 1026; x_wconf 88' lang='lat' dir='ltr'><strong>tem-</strong></span> 
     </span>
     <span class='ocr_line' id='line_1_10' title="bbox 187 1044 2200 1132; baseline -0.003 -21"><span class='ocrx_word' id='word_1_63' title='bbox 187 1059 511 1132; x_wconf 77' lang='lat' dir='ltr'><strong>peraturae</strong></span> <span class='ocrx_word' id='word_1_64' title='bbox 551 1067 633 1110; x_wconf 89' lang='lat' dir='ltr'><strong>eo</strong></span> <span class='ocrx_word' id='word_1_65' title='bbox 662 1046 1047 1109; x_wconf 87' lang='lat' dir='ltr'><strong>evidentior</strong></span> <span class='ocrx_word' id='word_1_66' title='bbox 1080 1044 1156 1107; x_wconf 90' lang='lat' dir='ltr'><strong>fit</strong></span> <span class='ocrx_word' id='word_1_67' title='bbox 1182 1067 1263 1107; x_wconf 86' lang='lat' dir='ltr'><strong>ex</strong></span> <span class='ocrx_word' id='word_1_68' title='bbox 1292 1047 1614 1108; x_wconf 79' lang='lat' dir='ltr'><strong>methodo</strong></span> <span class='ocrx_word' id='word_1_69' title='bbox 1646 1056 1876 1108; x_wconf 86' lang='lat' dir='ltr'><strong>nostra</strong></span> <span class='ocrx_word' id='word_1_70' title='bbox 1919 1065 2200 1127; x_wconf 79' lang='lat' dir='ltr'><strong>compu-</strong></span> 
     </span>
     <span class='ocr_line' id='line_1_11' title="bbox 187 1126 2203 1210; baseline -0.003 -19"><span class='ocrx_word' id='word_1_71' title='bbox 187 1129 406 1208; x_wconf 81' lang='lat' dir='ltr'><strong>tandi,</strong></span> <span class='ocrx_word' id='word_1_72' title='bbox 431 1148 589 1210; x_wconf 82' lang='lat' dir='ltr'><strong>quae</strong></span> <span class='ocrx_word' id='word_1_73' title='bbox 613 1137 1136 1209; x_wconf 84' lang='lat' dir='ltr'><strong>temperaturam</strong></span> <span class='ocrx_word' id='word_1_74' title='bbox 1159 1127 1526 1188; x_wconf 85' lang='lat' dir='ltr'><strong>maximam</strong></span> <span class='ocrx_word' id='word_1_75' title='bbox 1551 1136 1615 1188; x_wconf 93' lang='lat' dir='ltr'><strong>et</strong></span> <span class='ocrx_word' id='word_1_76' title='bbox 1642 1126 2001 1188; x_wconf 86' lang='lat' dir='ltr'><strong>minimam</strong></span> <span class='ocrx_word' id='word_1_77' title='bbox 2030 1144 2203 1206; x_wconf 85' lang='lat' dir='ltr'><strong>quo-</strong></span> 
     </span>
     <span class='ocr_line' id='line_1_12' title="bbox 186 1206 2195 1290; baseline -0.001 -18"><span class='ocrx_word' id='word_1_78' title='bbox 186 1229 444 1288; x_wconf 88' lang='lat' dir='ltr'><strong>cunque</strong></span> <span class='ocrx_word' id='word_1_79' title='bbox 479 1220 784 1290; x_wconf 91' lang='lat' dir='ltr'><strong>tempore</strong></span> <span class='ocrx_word' id='word_1_80' title='bbox 812 1207 955 1268; x_wconf 92' lang='lat' dir='ltr'><strong>diei</strong></span> <span class='ocrx_word' id='word_1_81' title='bbox 986 1206 1217 1268; x_wconf 91' lang='lat' dir='ltr'><strong>sumit.</strong></span> <span class='ocrx_word' id='word_1_82' title='bbox 1298 1210 1469 1269; x_wconf 90' lang='lat' dir='ltr'><strong>Inde</strong></span> <span class='ocrx_word' id='word_1_83' title='bbox 1501 1207 1751 1269; x_wconf 87' lang='lat' dir='ltr'><strong>factum</strong></span> <span class='ocrx_word' id='word_1_84' title='bbox 1792 1216 1912 1286; x_wconf 87' lang='lat' dir='ltr'><strong>est,</strong></span> <span class='ocrx_word' id='word_1_85' title='bbox 1950 1216 2024 1266; x_wconf 90' lang='lat' dir='ltr'><strong>ut</strong></span> <span class='ocrx_word' id='word_1_86' title='bbox 2065 1225 2195 1288; x_wconf 87' lang='lat' dir='ltr'><strong>ego</strong></span> 
     </span>
     <span class='ocr_line' id='line_1_13' title="bbox 183 1287 2196 1371; baseline 0 -22"><span class='ocrx_word' id='word_1_87' title='bbox 183 1308 450 1369; x_wconf 83' lang='lat' dir='ltr'><strong>quoque</strong></span> <span class='ocrx_word' id='word_1_88' title='bbox 525 1295 1051 1371; x_wconf 88' lang='lat' dir='ltr'><strong>temperaturam</strong></span> <span class='ocrx_word' id='word_1_89' title='bbox 1106 1287 1379 1368; x_wconf 86' lang='lat' dir='ltr'><strong>hyemis</strong></span> <span class='ocrx_word' id='word_1_90' title='bbox 1442 1288 1758 1350; x_wconf 88' lang='lat' dir='ltr'><strong>altiorem</strong></span> <span class='ocrx_word' id='word_1_91' title='bbox 1818 1288 2196 1368; x_wconf 85' lang='lat' dir='ltr'><strong>acceperim</strong></span> 
     </span>
     <span class='ocr_line' id='line_1_14' title="bbox 187 1366 2196 1463; baseline -0 -33"><span class='ocrx_word' id='word_1_92' title='bbox 187 1389 389 1463; x_wconf 64' lang='lat' dir='ltr'><strong>guam</strong></span> <span class='ocrx_word' id='word_1_93' title='bbox 433 1372 761 1432; x_wconf 75' lang='lat' dir='ltr'><strong>GenerOS.</strong></span> <span class='ocrx_word' id='word_1_94' title='bbox 813 1389 939 1429; x_wconf 80' lang='grc' dir='ltr'><strong>νοη</strong></span> <span class='ocrx_word' id='word_1_95' title='bbox 985 1366 1169 1428; x_wconf 77' lang='lat' dir='ltr'><strong>Salis</strong></span> <span class='ocrx_word' id='word_1_96' title='bbox 1216 1367 1453 1430; x_wconf 78' lang='lat' dir='ltr'><strong>Seewis</strong></span> <span class='ocrx_word' id='word_1_97' title='bbox 1508 1388 1632 1430; x_wconf 87' lang='lat' dir='ltr'><strong>sua</strong></span> <span class='ocrx_word' id='word_1_98' title='bbox 1685 1368 2196 1449; x_wconf 83' lang='lat' dir='ltr'><strong>computatione</strong></span> 
     </span>
     <span class='ocr_line' id='line_1_15' title="bbox 186 1433 2191 1528; baseline -0.001 -17"><span class='ocrx_word' id='word_1_99' title='bbox 186 1470 265 1511; x_wconf 83' lang='grc'><strong>111</strong></span> <span class='ocrx_word' id='word_1_100' title='bbox 311 1450 548 1512; x_wconf 87' lang='lat' dir='ltr'><strong>Diario</strong></span> <span class='ocrx_word' id='word_1_101' title='bbox 603 1449 739 1511; x_wconf 87' lang='lat' dir='ltr'><strong>Der</strong></span> <span class='ocrx_word' id='word_1_102' title='bbox 786 1446 979 1509; x_wconf 85' lang='lat' dir='ltr'><strong>Neue</strong></span> <span class='ocrx_word' id='word_1_103' title='bbox 1030 1433 1404 1525; x_wconf 57' lang='lat' dir='ltr'><strong>fflmmler,</strong></span> <span class='ocrx_word' id='word_1_104' title='bbox 1460 1451 1567 1511; x_wconf 82' lang='lat' dir='ltr'><strong>ein</strong></span> <span class='ocrx_word' id='word_1_105' title='bbox 1619 1449 2191 1528; x_wconf 78' lang='lat' dir='ltr'><strong>gemeinniitziges</strong></span> 
     </span>
     <span class='ocr_line' id='line_1_16' title="bbox 167 1525 2195 1611; baseline 0 -21"><span class='ocrx_word' id='word_1_106' title='bbox 167 1525 415 1592; x_wconf 50' lang='lat' dir='ltr'><strong>‘Archiv</strong></span> <span class='ocrx_word' id='word_1_107' title='bbox 417 1529 558 1610; x_wconf 78' lang='lat' dir='ltr'><strong>fiir</strong></span> <span class='ocrx_word' id='word_1_108' title='bbox 572 1526 1076 1604; x_wconf 75' lang='lat' dir='ltr'><strong>Graubt&#39;lndtert,</strong></span> <span class='ocrx_word' id='word_1_109' title='bbox 1102 1529 1277 1590; x_wconf 83' lang='lat' dir='ltr'><strong>Chur</strong></span> <span class='ocrx_word' id='word_1_110' title='bbox 1297 1533 1469 1592; x_wconf 85' lang='lat'><strong>1811.</strong></span> <span class='ocrx_word' id='word_1_111' title='bbox 1496 1550 1664 1611; x_wconf 78' lang='lat' dir='ltr'><strong>pag.</strong></span> <span class='ocrx_word' id='word_1_112' title='bbox 1690 1548 1826 1594; x_wconf 77' lang='lat'><strong>200.</strong></span> <span class='ocrx_word' id='word_1_113' title='bbox 1862 1527 2195 1600; x_wconf 87' lang='lat' dir='ltr'><strong>exhibita.</strong></span> 
     </span>
     <span class='ocr_line' id='line_1_17' title="bbox 183 1607 2194 1691; baseline -0.002 -18"><span class='ocrx_word' id='word_1_114' title='bbox 183 1610 384 1673; x_wconf 80' lang='lat' dir='ltr'><strong>AEstas</strong></span> <span class='ocrx_word' id='word_1_115' title='bbox 422 1630 709 1691; x_wconf 49' lang='lat' dir='ltr'><strong>,quoque</strong></span> <span class='ocrx_word' id='word_1_116' title='bbox 753 1629 1023 1671; x_wconf 88' lang='lat' dir='ltr'><strong>summa</strong></span> <span class='ocrx_word' id='word_1_117' title='bbox 1063 1607 1355 1687; x_wconf 85' lang='lat' dir='ltr'><strong>calidior</strong></span> <span class='ocrx_word' id='word_1_118' title='bbox 1396 1621 1493 1672; x_wconf 87' lang='lat' dir='ltr'><strong>est</strong></span> <span class='ocrx_word' id='word_1_119' title='bbox 1534 1608 1937 1672; x_wconf 87' lang='lat' dir='ltr'><strong>Marschlini</strong></span> <span class='ocrx_word' id='word_1_120' title='bbox 1985 1628 2194 1688; x_wconf 88' lang='lat' dir='ltr'><strong>quam</strong></span> 
     </span>
     <span class='ocr_line' id='line_1_18' title="bbox 185 1687 2194 1773; baseline 0 -22"><span class='ocrx_word' id='word_1_121' title='bbox 185 1690 444 1772; x_wconf 72' lang='lat' dir='ltr'><strong>Turiei,</strong></span> <span class='ocrx_word' id='word_1_122' title='bbox 484 1693 607 1754; x_wconf 84' lang='lat' dir='ltr'><strong>sed</strong></span> <span class='ocrx_word' id='word_1_123' title='bbox 644 1690 760 1752; x_wconf 82' lang='lat' dir='ltr'><strong>vix</strong></span> <span class='ocrx_word' id='word_1_124' title='bbox 798 1688 1112 1773; x_wconf 86' lang='lat' dir='ltr'><strong>longior,</strong></span> <span class='ocrx_word' id='word_1_125' title='bbox 1150 1711 1306 1752; x_wconf 87' lang='lat' dir='ltr'><strong>eum</strong></span> <span class='ocrx_word' id='word_1_126' title='bbox 1344 1697 1474 1751; x_wconf 88' lang='lat' dir='ltr'><strong>tem</strong></span> <span class='ocrx_word' id='word_1_127' title='bbox 1528 1700 1797 1752; x_wconf 87' lang='lat' dir='ltr'><strong>eratura</strong></span> <span class='ocrx_word' id='word_1_128' title='bbox 1833 1687 2194 1769; x_wconf 86' lang='lat' dir='ltr'><strong>utriusque</strong></span> 
     </span>
     <span class='ocr_line' id='line_1_19' title="bbox 186 1767 2193 1851; baseline 0 -19"><span class='ocrx_word' id='word_1_129' title='bbox 186 1768 314 1833; x_wconf 88' lang='lat' dir='ltr'><strong>loci</strong></span> <span class='ocrx_word' id='word_1_130' title='bbox 341 1772 424 1833; x_wconf 90' lang='lat' dir='ltr'><strong>ad</strong></span> <span class='ocrx_word' id='word_1_131' title='bbox 454 1770 766 1834; x_wconf 91' lang='lat' dir='ltr'><strong>medium</strong></span> <span class='ocrx_word' id='word_1_132' title='bbox 794 1770 1046 1831; x_wconf 73' lang='lat' dir='ltr'><strong>mensis</strong></span> <span class='ocrx_word' id='word_1_133' title='bbox 1069 1769 1240 1846; x_wconf 85' lang='lat' dir='ltr'><strong>Maji</strong></span> <span class='ocrx_word' id='word_1_134' title='bbox 1266 1780 1332 1831; x_wconf 90' lang='lat' dir='ltr'><strong>et</strong></span> <span class='ocrx_word' id='word_1_135' title='bbox 1358 1772 1445 1831; x_wconf 91' lang='lat' dir='ltr'><strong>ad</strong></span> <span class='ocrx_word' id='word_1_136' title='bbox 1520 1793 1681 1833; x_wconf 84' lang='lat' dir='ltr'><strong>nem</strong></span> <span class='ocrx_word' id='word_1_137' title='bbox 1713 1767 2003 1851; x_wconf 80' lang='lat' dir='ltr'><strong>Augusti</strong></span> <span class='ocrx_word' id='word_1_138' title='bbox 2030 1769 2193 1832; x_wconf 88' lang='lat' dir='ltr'><strong>satis</strong></span> 
     </span>
     <span class='ocr_line' id='line_1_20' title="bbox 188 1849 2195 1936; baseline -0.001 -23"><span class='ocrx_word' id='word_1_139' title='bbox 188 1863 544 1936; x_wconf 83' lang='lat' dir='ltr'><strong>congruat,</strong></span> <span class='ocrx_word' id='word_1_140' title='bbox 575 1853 760 1913; x_wconf 88' lang='lat' dir='ltr'><strong>unde</strong></span> <span class='ocrx_word' id='word_1_141' title='bbox 790 1858 943 1932; x_wconf 82' lang='lat' dir='ltr'><strong>apte</strong></span> <span class='ocrx_word' id='word_1_142' title='bbox 971 1849 1298 1932; x_wconf 84' lang='lat' dir='ltr'><strong>explicari</strong></span> <span class='ocrx_word' id='word_1_143' title='bbox 1318 1851 1612 1931; x_wconf 79' lang='lat' dir='ltr'><strong>videtur,</strong></span> <span class='ocrx_word' id='word_1_144' title='bbox 1632 1851 1873 1913; x_wconf 89' lang='lat' dir='ltr'><strong>vinum</strong></span> <span class='ocrx_word' id='word_1_145' title='bbox 1897 1851 2046 1914; x_wconf 86' lang='lat' dir='ltr'><strong>Mar</strong></span> <span class='ocrx_word' id='word_1_146' title='bbox 2081 1851 2195 1911; x_wconf 88' lang='lat' dir='ltr'><strong>ch-</strong></span> 
     </span>
     <span class='ocr_line' id='line_1_21' title="bbox 183 1927 2193 1996; baseline 0 -5"><span class='ocrx_word' id='word_1_147' title='bbox 183 1929 312 1993; x_wconf 85' lang='lat' dir='ltr'><strong>lini</strong></span> <span class='ocrx_word' id='word_1_148' title='bbox 350 1935 542 1996; x_wconf 86' lang='lat' dir='ltr'><strong>haud</strong></span> <span class='ocrx_word' id='word_1_149' title='bbox 589 1930 835 1993; x_wconf 89' lang='lat' dir='ltr'><strong>melius</strong></span> <span class='ocrx_word' id='word_1_150' title='bbox 891 1927 1043 1992; x_wconf 87' lang='lat' dir='ltr'><strong>fieri</strong></span> <span class='ocrx_word' id='word_1_151' title='bbox 1090 1931 1256 1993; x_wconf 85' lang='lat' dir='ltr'><strong>vino</strong></span> <span class='ocrx_word' id='word_1_152' title='bbox 1305 1930 1684 1994; x_wconf 87' lang='lat' dir='ltr'><strong>Turicensi.</strong></span> <span class='ocrx_word' id='word_1_153' title='bbox 1765 1932 1936 1991; x_wconf 83' lang='lat' dir='ltr'><strong>Inde</strong></span> <span class='ocrx_word' id='word_1_154' title='bbox 1984 1949 2019 1990; x_wconf 88' lang='lat' dir='ltr'><strong>e</strong></span> <span class='ocrx_word' id='word_1_155' title='bbox 2050 1950 2193 1991; x_wconf 76' lang='lat' dir='ltr'><strong>iam</strong></span> 
     </span>
     <span class='ocr_line' id='line_1_22' title="bbox 185 2012 2195 2093; baseline -0.001 -21"><span class='ocrx_word' id='word_1_156' title='bbox 185 2029 355 2074; x_wconf 86' lang='lat' dir='ltr'><strong>novo</strong></span> <span class='ocrx_word' id='word_1_157' title='bbox 414 2012 726 2076; x_wconf 87' lang='lat' dir='ltr'><strong>vidimus</strong></span> <span class='ocrx_word' id='word_1_158' title='bbox 790 2012 1135 2089; x_wconf 83' lang='lat' dir='ltr'><strong>exemplo·</strong></span> <span class='ocrx_word' id='word_1_159' title='bbox 1165 2031 1371 2090; x_wconf 90' lang='lat' dir='ltr'><strong>quam</strong></span> <span class='ocrx_word' id='word_1_160' title='bbox 1434 2032 1683 2093; x_wconf 88' lang='lat' dir='ltr'><strong>parum</strong></span> <span class='ocrx_word' id='word_1_161' title='bbox 1737 2019 2195 2091; x_wconf 86' lang='lat' dir='ltr'><strong>temperatura</strong></span> 
     </span>
     <span class='ocr_line' id='line_1_23' title="bbox 174 2090 2197 2176; baseline 0 -24"><span class='ocrx_word' id='word_1_162' title='bbox 174 2091 399 2156; x_wconf 73' lang='lat' dir='ltr'><strong>&#39;media</strong></span> <span class='ocrx_word' id='word_1_163' title='bbox 417 2093 631 2156; x_wconf 88' lang='lat' dir='ltr'><strong>totius</strong></span> <span class='ocrx_word' id='word_1_164' title='bbox 645 2091 816 2154; x_wconf 88' lang='lat' dir='ltr'><strong>anni</strong></span> <span class='ocrx_word' id='word_1_165' title='bbox 831 2090 1277 2176; x_wconf 81' lang='lat' dir='ltr'><strong>vegetationis</strong></span> <span class='ocrx_word' id='word_1_166' title='bbox 1292 2091 1757 2173; x_wconf 80' lang='lat' dir='ltr'><strong>praestantiam‘</strong></span> <span class='ocrx_word' id='word_1_167' title='bbox 1771 2090 2197 2152; x_wconf 82' lang='lat' dir='ltr'><strong>determinet.</strong></span> 
     </span>
     <span class='ocr_line' id='line_1_24' title="bbox 189 2173 2196 2256; baseline -0.002 -21"><span class='ocrx_word' id='word_1_168' title='bbox 189 2173 276 2235; x_wconf 81' lang='lat' dir='ltr'><strong>Ex</strong></span> <span class='ocrx_word' id='word_1_169' title='bbox 314 2176 531 2242; x_wconf 89' lang='lat' dir='ltr'><strong>altera</strong></span> <span class='ocrx_word' id='word_1_170' title='bbox 571 2185 800 2235; x_wconf 88' lang='lat' dir='ltr'><strong>tamen</strong></span> <span class='ocrx_word' id='word_1_171' title='bbox 839 2181 1029 2254; x_wconf 88' lang='lat' dir='ltr'><strong>parte</strong></span> <span class='ocrx_word' id='word_1_172' title='bbox 1070 2173 1348 2238; x_wconf 89' lang='lat' dir='ltr'><strong>nullum</strong></span> <span class='ocrx_word' id='word_1_173' title='bbox 1389 2183 1488 2234; x_wconf 90' lang='lat' dir='ltr'><strong>est</strong></span> <span class='ocrx_word' id='word_1_174' title='bbox 1529 2173 1819 2233; x_wconf 88' lang='lat' dir='ltr'><strong>dubium</strong></span> <span class='ocrx_word' id='word_1_175' title='bbox 1861 2180 2196 2256; x_wconf 85' lang='lat' dir='ltr'><strong>tempera-</strong></span> 
     </span>
     <span class='ocr_line' id='line_1_25' title="bbox 187 2247 2196 2335; baseline 0 -24"><span class='ocrx_word' id='word_1_176' title='bbox 187 2259 399 2315; x_wconf 82' lang='lat' dir='ltr'><strong>turam</strong></span> <span class='ocrx_word' id='word_1_177' title='bbox 428 2251 763 2331; x_wconf 88' lang='lat' dir='ltr'><strong>majorem</strong></span> <span class='ocrx_word' id='word_1_178' title='bbox 785 2251 962 2325; x_wconf 84' lang='lat' dir='ltr'><strong>veris</strong></span> <span class='ocrx_word' id='word_1_179' title='bbox 991 2261 1056 2312; x_wconf 90' lang='lat' dir='ltr'><strong>et</strong></span> <span class='ocrx_word' id='word_1_180' title='bbox 1076 2251 1393 2323; x_wconf 77' lang='lat' dir='ltr'><strong>autumni</strong></span> <span class='ocrx_word' id='word_1_181' title='bbox 1422 2271 1696 2313; x_wconf 87' lang='lat' dir='ltr'><strong>eausam</strong></span> <span class='ocrx_word' id='word_1_182' title='bbox 1716 2247 1977 2312; x_wconf 84' lang='lat' dir='ltr'><strong>efficere</strong></span> <span class='ocrx_word' id='word_1_183' title='bbox 2004 2270 2196 2335; x_wconf 76' lang='lat' dir='ltr'><strong>¹vege-</strong></span> 
     </span>
     <span class='ocr_line' id='line_1_26' title="bbox 186 2332 2249 2416; baseline 0 -24"><span class='ocrx_word' id='word_1_184' title='bbox 186 2334 459 2398; x_wconf 82' lang='lat' dir='ltr'><strong>tationis</strong></span> <span class='ocrx_word' id='word_1_185' title='bbox 500 2343 889 2416; x_wconf 83' lang='lat' dir='ltr'><strong>spontaneae</strong></span> <span class='ocrx_word' id='word_1_186' title='bbox 932 2332 1238 2397; x_wconf 87' lang='lat' dir='ltr'><strong>melioris</strong></span> <span class='ocrx_word' id='word_1_187' title='bbox 1281 2333 1620 2397; x_wconf 80' lang='lat' dir='ltr'><strong>Rhaeticae.</strong></span> <span class='ocrx_word' id='word_1_188' title='bbox 2244 2406 2249 2412; x_wconf 21' lang='lat'><strong>⁴</strong></span> 
     </span>
    </p>

    <p class='ocr_par' dir='ltr' id='par_1_3' title="bbox 185 2412 2197 2744">
     <span class='ocr_line' id='line_1_27' title="bbox 257 2412 2197 2495; baseline -0.004 -16"><span class='ocrx_word' id='word_1_189' title='bbox 257 2412 312 2495; x_wconf 73' lang='lat'><strong>§-</strong></span> <span class='ocrx_word' id='word_1_190' title='bbox 353 2420 457 2479; x_wconf 83' lang='lat'><strong>82.</strong></span> <span class='ocrx_word' id='word_1_191' title='bbox 509 2417 898 2478; x_wconf 89' lang='lat' dir='ltr'><strong>Secundum</strong></span> <span class='ocrx_word' id='word_1_192' title='bbox 945 2415 1080 2477; x_wconf 89' lang='lat' dir='ltr'><strong>has·</strong></span> <span class='ocrx_word' id='word_1_193' title='bbox 1119 2413 1626 2476; x_wconf 87' lang='lat' dir='ltr'><strong>observationes</strong></span> <span class='ocrx_word' id='word_1_194' title='bbox 1679 2412 1898 2475; x_wconf 89' lang='lat' dir='ltr'><strong>lineas</strong></span> <span class='ocrx_word' id='word_1_195' title='bbox 1956 2428 2197 2472; x_wconf 85' lang='lat' dir='ltr'><strong>curvas</strong></span> 
     </span>
     <span class='ocr_line' id='line_1_28' title="bbox 185 2489 2194 2569; baseline 0 -17"><span class='ocrx_word' id='word_1_196' title='bbox 185 2494 759 2559; x_wconf 83' lang='lat' dir='ltr'><strong>thermometricas</strong></span> <span class='ocrx_word' id='word_1_197' title='bbox 794 2493 1067 2557; x_wconf 83' lang='lat' dir='ltr'><strong>exaravi</strong></span> <span class='ocrx_word' id='word_1_198' title='bbox 1094 2492 1172 2555; x_wconf 91' lang='lat' dir='ltr'><strong>in</strong></span> <span class='ocrx_word' id='word_1_199' title='bbox 1211 2495 1442 2554; x_wconf 89' lang='lat' dir='ltr'><strong>tabula</strong></span> <span class='ocrx_word' id='word_1_200' title='bbox 1481 2514 1746 2556; x_wconf 85' lang='lat' dir='ltr'><strong>annexa</strong></span> <span class='ocrx_word' id='word_1_201' title='bbox 1787 2493 1907 2556; x_wconf 85' lang='lat' dir='ltr'><strong>aeri</strong></span> <span class='ocrx_word' id='word_1_202' title='bbox 1942 2489 2194 2569; x_wconf 86' lang='lat' dir='ltr'><strong>incisa,</strong></span> 
     </span>
     <span class='ocr_line' id='line_1_29' title="bbox 188 2571 2195 2659; baseline 0 -26"><span class='ocrx_word' id='word_1_203' title='bbox 188 2573 523 2659; x_wconf 68' lang='lat' dir='ltr'><strong>simulque</strong></span> <span class='ocrx_word' id='word_1_204' title='bbox 544 2593 783 2639; x_wconf 86' lang='lat' dir='ltr'><strong>curvas</strong></span> <span class='ocrx_word' id='word_1_205' title='bbox 807 2574 1379 2643; x_wconf 86' lang='lat' dir='ltr'><strong>thermometricas</strong></span> <span class='ocrx_word' id='word_1_206' title='bbox 1403 2572 1689 2649; x_wconf 84' lang='lat' dir='ltr'><strong>adjunxi</strong></span> <span class='ocrx_word' id='word_1_207' title='bbox 1715 2595 1797 2635; x_wconf 85' lang='lat' dir='ltr'><strong>ex</strong></span> <span class='ocrx_word' id='word_1_208' title='bbox 1817 2571 2195 2635; x_wconf 83' lang='lat' dir='ltr'><strong>Enontekis</strong></span> 
     </span>
     <span class='ocr_line' id='line_1_30' title="bbox 189 2652 2196 2744; baseline -0.001 -30"><span class='ocrx_word' id='word_1_209' title='bbox 189 2663 551 2721; x_wconf 73' lang='lat' dir='ltr'><strong>secundum</strong></span> <span class='ocrx_word' id='word_1_210' title='bbox 593 2653 1099 2719; x_wconf 86' lang='lat' dir='ltr'><strong>observationes</strong></span> <span class='ocrx_word' id='word_1_211' title='bbox 1133 2656 1296 2715; x_wconf 88' lang='lat' dir='ltr'><strong>Rev.</strong></span> <span class='ocrx_word' id='word_1_212' title='bbox 1327 2653 1581 2731; x_wconf 81' lang='lat' dir='ltr'><strong>Grape‚</strong></span> <span class='ocrx_word' id='word_1_213' title='bbox 1623 2662 1688 2714; x_wconf 88' lang='lat' dir='ltr'><strong>et</strong></span> <span class='ocrx_word' id='word_1_214' title='bbox 1729 2673 1812 2713; x_wconf 82' lang='lat' dir='ltr'><strong>ex</strong></span> <span class='ocrx_word' id='word_1_215' title='bbox 1841 2652 2196 2744; x_wconf 54' lang='grc'><strong>8100111101-</strong></span> 
     </span>
    </p>
   </div>
   <div class='ocr_carea' id='block_1_3' title="bbox 189 2747 2202 3150">
    <p class='ocr_par' dir='ltr' id='par_1_4' title="bbox 189 2747 2202 3150">
     <span class='ocr_line' id='line_1_31' title="bbox 190 2747 2197 2833; baseline -0 -25"><span class='ocrx_word' id='word_1_216' title='bbox 190 2749 324 2811; x_wconf 86' lang='lat' dir='ltr'><strong>mia</strong></span> <span class='ocrx_word' id='word_1_217' title='bbox 347 2754 725 2816; x_wconf 84' lang='lat' dir='ltr'><strong>seeundum</strong></span> <span class='ocrx_word' id='word_1_218' title='bbox 763 2747 1341 2833; x_wconf 80' lang='lat' dir='ltr'><strong>computationem</strong></span> <span class='ocrx_word' id='word_1_219' title='bbox 1374 2749 1514 2809; x_wconf 91' lang='lat' dir='ltr'><strong>Cel.</strong></span> <span class='ocrx_word' id='word_1_220' title='bbox 1558 2748 1934 2809; x_wconf 82' lang='lat' dir='ltr'><strong>Geometrae</strong></span> <span class='ocrx_word' id='word_1_221' title='bbox 1966 2747 2197 2825; x_wconf 80' lang='lat' dir='ltr'><strong>Ofver-</strong></span> 
     </span>
     <span class='ocr_line' id='line_1_32' title="bbox 191 2825 2193 2908; baseline -0 -19"><span class='ocrx_word' id='word_1_222' title='bbox 191 2825 340 2891; x_wconf 74' lang='lat' dir='ltr'><strong>bom</strong></span> <span class='ocrx_word' id='word_1_223' title='bbox 388 2834 464 2895; x_wconf 89' lang='lat' dir='ltr'><strong>in</strong></span> <span class='ocrx_word' id='word_1_224' title='bbox 512 2831 679 2895; x_wconf 88' lang='lat' dir='ltr'><strong>actis</strong></span> <span class='ocrx_word' id='word_1_225' title='bbox 726 2829 1432 2893; x_wconf 78' lang='lat' dir='ltr'><strong>Stockholmiensihus</strong></span> <span class='ocrx_word' id='word_1_226' title='bbox 1482 2830 1707 2889; x_wconf 88' lang='lat' dir='ltr'><strong>datam</strong></span> <span class='ocrx_word' id='word_1_227' title='bbox 1726 2872 1745 2905; x_wconf 91' lang='lat'><strong>,</strong></span> <span class='ocrx_word' id='word_1_228' title='bbox 1789 2846 1994 2908; x_wconf 85' lang='lat' dir='ltr'><strong>quam</strong></span> <span class='ocrx_word' id='word_1_229' title='bbox 2040 2847 2193 2889; x_wconf 90' lang='lat' dir='ltr'><strong>meo</strong></span> 
     </span>
     <span class='ocr_line' id='line_1_33' title="bbox 189 2907 2196 2995; baseline 0 -26"><span class='ocrx_word' id='word_1_230' title='bbox 189 2926 382 2994; x_wconf 84' lang='lat' dir='ltr'><strong>scopo</strong></span> <span class='ocrx_word' id='word_1_231' title='bbox 402 2912 643 2977; x_wconf 78' lang='lat' dir='ltr'><strong>ceteris</strong></span> <span class='ocrx_word' id='word_1_232' title='bbox 668 2912 882 2995; x_wconf 88' lang='lat' dir='ltr'><strong>magis</strong></span> <span class='ocrx_word' id='word_1_233' title='bbox 902 2911 1223 2972; x_wconf 89' lang='lat' dir='ltr'><strong>idoneam</strong></span> <span class='ocrx_word' id='word_1_234' title='bbox 1252 2926 1394 2971; x_wconf 84' lang='lat' dir='ltr'><strong>esse</strong></span> <span class='ocrx_word' id='word_1_235' title='bbox 1420 2908 1678 2991; x_wconf 88' lang='lat' dir='ltr'><strong>putavi,</strong></span> <span class='ocrx_word' id='word_1_236' title='bbox 1706 2910 1871 2990; x_wconf 89' lang='lat' dir='ltr'><strong>quia</strong></span> <span class='ocrx_word' id='word_1_237' title='bbox 1892 2907 2196 2970; x_wconf 89' lang='lat' dir='ltr'><strong>medium</strong></span> 
     </span>
     <span class='ocr_line' id='line_1_34' title="bbox 192 2988 2202 3075; baseline 0 -25"><span class='ocrx_word' id='word_1_238' title='bbox 192 3008 270 3050; x_wconf 85' lang='lat' dir='ltr'><strong>ex</strong></span> <span class='ocrx_word' id='word_1_239' title='bbox 302 2994 609 3075; x_wconf 87' lang='lat' dir='ltr'><strong>quinque</strong></span> <span class='ocrx_word' id='word_1_240' title='bbox 639 2993 882 3054; x_wconf 85' lang='lat' dir='ltr'><strong>diebus</strong></span> <span class='ocrx_word' id='word_1_241' title='bbox 910 2990 1213 3068; x_wconf 86' lang='lat' dir='ltr'><strong>exhibet,</strong></span> <span class='ocrx_word' id='word_1_242' title='bbox 1255 2990 1552 3070; x_wconf 89' lang='lat' dir='ltr'><strong>ideoque</strong></span> <span class='ocrx_word' id='word_1_243' title='bbox 1578 2988 2016 3052; x_wconf 86' lang='lat' dir='ltr'><strong>altitudinem</strong></span> <span class='ocrx_word' id='word_1_244' title='bbox 2058 2990 2202 3050; x_wconf 85' lang='lat' dir='ltr'><strong>eul-</strong></span> 
     </span>
     <span class='ocr_line' id='line_1_35' title="bbox 192 3068 2201 3150; baseline 0 -20"><span class='ocrx_word' id='word_1_245' title='bbox 192 3070 581 3136; x_wconf 87' lang='lat' dir='ltr'><strong>minationis</strong></span> <span class='ocrx_word' id='word_1_246' title='bbox 610 3068 832 3135; x_wconf 68' lang='lat' dir='ltr'><strong>eurvae</strong></span> <span class='ocrx_word' id='word_1_247' title='bbox 861 3074 1034 3134; x_wconf 91' lang='lat' dir='ltr'><strong>bene</strong></span> <span class='ocrx_word' id='word_1_248' title='bbox 1074 3070 1254 3133; x_wconf 87' lang='lat' dir='ltr'><strong>sistit</strong></span> <span class='ocrx_word' id='word_1_249' title='bbox 1287 3068 1385 3150; x_wconf 58' lang='grc' dir='ltr'><strong>ὕ).</strong></span> <span class='ocrx_word' id='word_1_250' title='bbox 1452 3069 1632 3130; x_wconf 90' lang='lat' dir='ltr'><strong>Utile</strong></span> <span class='ocrx_word' id='word_1_251' title='bbox 1658 3071 1939 3148; x_wconf 86' lang='lat' dir='ltr'><strong>quidem</strong></span> <span class='ocrx_word' id='word_1_252' title='bbox 1961 3069 2201 3131; x_wconf 80' lang='lat' dir='ltr'><strong>fuisset</strong></span> 
     </span>
    </p>
   </div>
   <div class='ocr_carea' id='block_1_4' title="bbox 195 3175 874 3201">
    <p class='ocr_par' dir='ltr' id='par_1_5' title="bbox 195 3175 874 3201">
     <span class='ocr_line' id='line_1_36' title="bbox 195 3175 874 3201; baseline -0.001 -6"><span class='ocrx_word' id='word_1_253' title='bbox 195 3175 874 3201; x_wconf 62' lang='lat'><strong><em>————-.-—-—--</em></strong></span> 
     </span>
    </p>
   </div>
   <div class='ocr_carea' id='block_1_5' title="bbox 227 3233 2201 4055">
    <p class='ocr_par' dir='ltr' id='par_1_6' title="bbox 227 3233 2201 4055">
     <span class='ocr_line' id='line_1_37' title="bbox 227 3233 2199 3307; baseline -0.002 -17"><span class='ocrx_word' id='word_1_254' title='bbox 227 3233 283 3307; x_wconf 68' lang='lat'><strong>⁴⁸)</strong></span> <span class='ocrx_word' id='word_1_255' title='bbox 316 3238 462 3290; x_wconf 84' lang='lat' dir='ltr'><strong>Tum</strong></span> <span class='ocrx_word' id='word_1_256' title='bbox 494 3239 569 3292; x_wconf 88' lang='lat' dir='ltr'><strong>ob</strong></span> <span class='ocrx_word' id='word_1_257' title='bbox 608 3239 758 3291; x_wconf 86' lang='lat' dir='ltr'><strong>hane</strong></span> <span class='ocrx_word' id='word_1_258' title='bbox 795 3250 1009 3292; x_wconf 73' lang='lat' dir='ltr'><strong>causam</strong></span> <span class='ocrx_word' id='word_1_259' title='bbox 1042 3253 1159 3290; x_wconf 87' lang='lat' dir='ltr'><strong>tum</strong></span> <span class='ocrx_word' id='word_1_260' title='bbox 1188 3241 1314 3306; x_wconf 87' lang='lat' dir='ltr'><strong>quia</strong></span> <span class='ocrx_word' id='word_1_261' title='bbox 1353 3235 1423 3289; x_wconf 86' lang='lat' dir='ltr'><strong>ad</strong></span> <span class='ocrx_word' id='word_1_262' title='bbox 1458 3252 1643 3290; x_wconf 80' lang='lat' dir='ltr'><strong>ortum</strong></span> <span class='ocrx_word' id='word_1_263' title='bbox 1681 3236 1814 3289; x_wconf 73' lang='lat' dir='ltr'><strong>solis</strong></span> <span class='ocrx_word' id='word_1_264' title='bbox 1847 3234 1996 3289; x_wconf 87' lang='lat' dir='ltr'><strong>haud</strong></span> <span class='ocrx_word' id='word_1_265' title='bbox 2038 3239 2199 3288; x_wconf 75' lang='lat' dir='ltr'><strong>insti-</strong></span> 
     </span>
     <span class='ocr_line' id='line_1_38' title="bbox 330 3310 2197 3383; baseline 0.001 -20"><span class='ocrx_word' id='word_1_266' title='bbox 330 3326 461 3366; x_wconf 78' lang='lat' dir='ltr'><strong>tutae</strong></span> <span class='ocrx_word' id='word_1_267' title='bbox 492 3328 623 3367; x_wconf 72' lang='lat' dir='ltr'><strong>sunt</strong></span> <span class='ocrx_word' id='word_1_268' title='bbox 661 3312 747 3383; x_wconf 67' lang='lat' dir='ltr'><strong>hat</strong></span> <span class='ocrx_word' id='word_1_269' title='bbox 790 3311 1195 3369; x_wconf 75' lang='lat' dir='ltr'><strong>observationes</strong></span> <span class='ocrx_word' id='word_1_270' title='bbox 1239 3310 1428 3382; x_wconf 85' lang='lat' dir='ltr'><strong>paullo</strong></span> <span class='ocrx_word' id='word_1_271' title='bbox 1470 3310 1634 3363; x_wconf 82' lang='lat' dir='ltr'><strong>aliam</strong></span> <span class='ocrx_word' id='word_1_272' title='bbox 1679 3311 1944 3364; x_wconf 80' lang='lat' dir='ltr'><strong>exhibent</strong></span> <span class='ocrx_word' id='word_1_273' title='bbox 1989 3310 2197 3364; x_wconf 85' lang='lat' dir='ltr'><strong>lineam</strong></span> 
     </span>
     <span class='ocr_line' id='line_1_39' title="bbox 332 3384 2198 3458; baseline -0.001 -20"><span class='ocrx_word' id='word_1_274' title='bbox 332 3402 549 3441; x_wconf 79' lang='lat' dir='ltr'><strong>curvam</strong></span> <span class='ocrx_word' id='word_1_275' title='bbox 577 3404 746 3458; x_wconf 88' lang='lat' dir='ltr'><strong>quam</strong></span> <span class='ocrx_word' id='word_1_276' title='bbox 773 3387 1180 3441; x_wconf 79' lang='lat' dir='ltr'><strong>observationes</strong></span> <span class='ocrx_word' id='word_1_277' title='bbox 1208 3386 1558 3456; x_wconf 76' lang='lat' dir='ltr'><strong>Upsalienses</strong></span> <span class='ocrx_word' id='word_1_278' title='bbox 1599 3403 1627 3447; x_wconf 82' lang='lat' dir='ltr'><strong>a</strong></span> <span class='ocrx_word' id='word_1_279' title='bbox 1665 3387 1868 3440; x_wconf 84' lang='lat' dir='ltr'><strong>Gener.</strong></span> <span class='ocrx_word' id='word_1_280' title='bbox 1894 3403 2015 3438; x_wconf 83' lang='lat' dir='ltr'><strong>von</strong></span> <span class='ocrx_word' id='word_1_281' title='bbox 2043 3384 2198 3436; x_wconf 77' lang='lat' dir='ltr'><strong>Buclz</strong></span> 
     </span>
     <span class='ocr_line' id='line_1_40' title="bbox 332 3458 2200 3532; baseline -0.002 -19"><span class='ocrx_word' id='word_1_282' title='bbox 332 3476 678 3532; x_wconf 68' lang='lat' dir='ltr'><strong>computatae.</strong></span> <span class='ocrx_word' id='word_1_283' title='bbox 754 3462 893 3514; x_wconf 88' lang='lat' dir='ltr'><strong>Cum</strong></span> <span class='ocrx_word' id='word_1_284' title='bbox 922 3476 1101 3513; x_wconf 81' lang='lat' dir='ltr'><strong>autem</strong></span> <span class='ocrx_word' id='word_1_285' title='bbox 1124 3459 1289 3512; x_wconf 82' lang='lat' dir='ltr'><strong>nullae</strong></span> <span class='ocrx_word' id='word_1_286' title='bbox 1310 3477 1373 3511; x_wconf 83' lang='lat' dir='ltr'><strong>ex</strong></span> <span class='ocrx_word' id='word_1_287' title='bbox 1388 3460 1864 3515; x_wconf 80' lang='lat' dir='ltr'><strong>observationibus</strong></span> <span class='ocrx_word' id='word_1_288' title='bbox 1882 3458 2200 3532; x_wconf 76' lang='lat' dir='ltr'><strong>praeceden-</strong></span> 
     </span>
     <span class='ocr_line' id='line_1_41' title="bbox 336 3530 2199 3604; baseline -0.001 -15"><span class='ocrx_word' id='word_1_289' title='bbox 336 3534 479 3588; x_wconf 67' lang='lat' dir='ltr'><strong>tibus</strong></span> <span class='ocrx_word' id='word_1_290' title='bbox 498 3536 656 3589; x_wconf 73' lang='lat' dir='ltr'><strong>factae</strong></span> <span class='ocrx_word' id='word_1_291' title='bbox 672 3540 782 3589; x_wconf 81' lang='lat' dir='ltr'><strong>sint</strong></span> <span class='ocrx_word' id='word_1_292' title='bbox 802 3537 872 3589; x_wconf 88' lang='lat' dir='ltr'><strong>ad</strong></span> <span class='ocrx_word' id='word_1_293' title='bbox 892 3551 1076 3589; x_wconf 86' lang='lat' dir='ltr'><strong>ortum</strong></span> <span class='ocrx_word' id='word_1_294' title='bbox 1099 3533 1251 3601; x_wconf 72' lang='lat' dir='ltr'><strong>solis,</strong></span> <span class='ocrx_word' id='word_1_295' title='bbox 1270 3539 1446 3604; x_wconf 84' lang='lat' dir='ltr'><strong>magis</strong></span> <span class='ocrx_word' id='word_1_296' title='bbox 1470 3538 1773 3587; x_wconf 85' lang='lat' dir='ltr'><strong>inserviunt</strong></span> <span class='ocrx_word' id='word_1_297' title='bbox 1794 3530 2199 3589; x_wconf 71' lang='lat' dir='ltr'><strong>observationes</strong></span> 
     </span>
     <span class='ocr_line' id='line_1_42' title="bbox 338 3607 2196 3679; baseline 0 -20"><span class='ocrx_word' id='word_1_298' title='bbox 338 3607 841 3664; x_wconf 77' lang='lat' dir='ltr'><strong>Stockholmienses</strong></span> <span class='ocrx_word' id='word_1_299' title='bbox 869 3625 1128 3662; x_wconf 75' lang='lat' dir='ltr'><strong>accuratae</strong></span> <span class='ocrx_word' id='word_1_300' title='bbox 1156 3613 1563 3679; x_wconf 83' lang='lat' dir='ltr'><strong>comparationi·</strong></span> <span class='ocrx_word' id='word_1_301' title='bbox 1588 3627 1712 3663; x_wconf 87' lang='lat' dir='ltr'><strong>cum</strong></span> <span class='ocrx_word' id='word_1_302' title='bbox 1744 3610 1955 3664; x_wconf 84' lang='lat' dir='ltr'><strong>iisdem.</strong></span> <span class='ocrx_word' id='word_1_303' title='bbox 2021 3610 2196 3662; x_wconf 84' lang='lat' dir='ltr'><strong>Caete-</strong></span> 
     </span>
     <span class='ocr_line' id='line_1_43' title="bbox 334 3676 2200 3754; baseline 0.002 -23"><span class='ocrx_word' id='word_1_304' title='bbox 334 3698 457 3734; x_wconf 86' lang='lat' dir='ltr'><strong>rum</strong></span> <span class='ocrx_word' id='word_1_305' title='bbox 495 3699 859 3754; x_wconf 82' lang='lat' dir='ltr'><strong>temperatura</strong></span> <span class='ocrx_word' id='word_1_306' title='bbox 905 3685 1002 3736; x_wconf 87' lang='lat' dir='ltr'><strong>illa</strong></span> <span class='ocrx_word' id='word_1_307' title='bbox 1046 3683 1303 3751; x_wconf 79' lang='lat' dir='ltr'><strong>frigidior</strong></span> <span class='ocrx_word' id='word_1_308' title='bbox 1344 3682 1415 3736; x_wconf 85' lang='lat' dir='ltr'><strong>ad</strong></span> <span class='ocrx_word' id='word_1_309' title='bbox 1457 3698 1641 3737; x_wconf 80' lang='lat' dir='ltr'><strong>ortum</strong></span> <span class='ocrx_word' id='word_1_310' title='bbox 1687 3684 1818 3737; x_wconf 84' lang='lat' dir='ltr'><strong>solis</strong></span> <span class='ocrx_word' id='word_1_311' title='bbox 1864 3676 2200 3737; x_wconf 77' lang='lat' dir='ltr'><strong>observanda</strong></span> 
     </span>
     <span class='ocr_line' id='line_1_44' title="bbox 335 3757 2199 3829; baseline 0.001 -22"><span class='ocrx_word' id='word_1_312' title='bbox 335 3767 445 3807; x_wconf 80' lang='lat' dir='ltr'><strong>tam</strong></span> <span class='ocrx_word' id='word_1_313' title='bbox 479 3765 595 3813; x_wconf 87' lang='lat' dir='ltr'><strong>cito</strong></span> <span class='ocrx_word' id='word_1_314' title='bbox 632 3774 910 3824; x_wconf 85' lang='lat' dir='ltr'><strong>mutatur,</strong></span> <span class='ocrx_word' id='word_1_315' title='bbox 949 3774 1010 3811; x_wconf 88' lang='lat' dir='ltr'><strong>ut</strong></span> <span class='ocrx_word' id='word_1_316' title='bbox 1041 3758 1196 3809; x_wconf 84' lang='lat' dir='ltr'><strong>valde</strong></span> <span class='ocrx_word' id='word_1_317' title='bbox 1220 3757 1466 3819; x_wconf 84' lang='lat' dir='ltr'><strong>dubitem</strong></span> <span class='ocrx_word' id='word_1_318' title='bbox 1507 3776 1577 3813; x_wconf 88' lang='lat' dir='ltr'><strong>an</strong></span> <span class='ocrx_word' id='word_1_319' title='bbox 1604 3764 1962 3812; x_wconf 80' lang='lat' dir='ltr'><strong>certissimam</strong></span> <span class='ocrx_word' id='word_1_320' title='bbox 1988 3773 2199 3829; x_wconf 88' lang='lat' dir='ltr'><strong>tempe-</strong></span> 
     </span>
     <span class='ocr_line' id='line_1_45' title="bbox 335 3831 2201 3901; baseline 0.003 -21"><span class='ocrx_word' id='word_1_321' title='bbox 335 3844 568 3885; x_wconf 80' lang='lat' dir='ltr'><strong>raturam</strong></span> <span class='ocrx_word' id='word_1_322' title='bbox 630 3831 861 3886; x_wconf 86' lang='lat' dir='ltr'><strong>mediam</strong></span> <span class='ocrx_word' id='word_1_323' title='bbox 916 3831 985 3884; x_wconf 88' lang='lat' dir='ltr'><strong>ad</strong></span> <span class='ocrx_word' id='word_1_324' title='bbox 1037 3836 1439 3901; x_wconf 82' lang='lat' dir='ltr'><strong>vegetationem</strong></span> <span class='ocrx_word' id='word_1_325' title='bbox 1495 3834 1876 3887; x_wconf 73' lang='lat' dir='ltr'><strong>aestiman‘dam</strong></span> <span class='ocrx_word' id='word_1_326' title='bbox 1929 3833 2201 3886; x_wconf 79' lang='lat' dir='ltr'><strong>exhibeat.</strong></span> 
     </span>
     <span class='ocr_line' id='line_1_46' title="bbox 314 3901 2198 3986; baseline 0.002 -30"><span class='ocrx_word' id='word_1_327' title='bbox 314 3902 446 3971; x_wconf 73' lang='lat' dir='ltr'><strong>,Ego</strong></span> <span class='ocrx_word' id='word_1_328' title='bbox 482 3906 708 3978; x_wconf 84' lang='lat' dir='ltr'><strong>quidem</strong></span> <span class='ocrx_word' id='word_1_329' title='bbox 745 3914 943 3980; x_wconf 85' lang='lat' dir='ltr'><strong>opinor</strong></span> <span class='ocrx_word' id='word_1_330' title='bbox 977 3908 1283 3960; x_wconf 78' lang='lat' dir='ltr'><strong>consultius</strong></span> <span class='ocrx_word' id='word_1_331' title='bbox 1324 3905 1446 3960; x_wconf 74' lang='lat' dir='ltr'><strong>fore</strong></span> <span class='ocrx_word' id='word_1_332' title='bbox 1488 3913 1535 3960; x_wconf 75' lang='lat' dir='ltr'><strong>si</strong></span> <span class='ocrx_word' id='word_1_333' title='bbox 1575 3901 1947 3971; x_wconf 68' lang='lat' dir='ltr'><strong>observatores</strong></span> <span class='ocrx_word' id='word_1_334' title='bbox 1987 3924 2198 3986; x_wconf 80' lang='lat' dir='ltr'><strong>tempe-</strong></span> 
     </span>
     <span class='ocr_line' id='line_1_47' title="bbox 335 3982 1585 4055; baseline 0.006 -23"><span class='ocrx_word' id='word_1_335' title='bbox 335 3993 573 4043; x_wconf 69' lang='lat' dir='ltr'><strong>raturam</strong></span> <span class='ocrx_word' id='word_1_336' title='bbox 614 4000 741 4040; x_wconf 78' lang='lat' dir='ltr'><strong>aute</strong></span> <span class='ocrx_word' id='word_1_337' title='bbox 777 3998 967 4055; x_wconf 26' lang='lat' dir='ltr'><strong>*ortum</strong></span> <span class='ocrx_word' id='word_1_338' title='bbox 1008 3982 1143 4037; x_wconf 70' lang='lat' dir='ltr'><strong>nolis</strong></span> <span class='ocrx_word' id='word_1_339' title='bbox 1184 3987 1585 4039; x_wconf 78' lang='lat' dir='ltr'><strong>annotaverint.</strong></span> 
     </span>
    </p>
   </div>
   <div class='ocr_carea' id='block_1_6' title="bbox 646 4098 658 4177">
    <p class='ocr_par' dir='ltr' id='par_1_7' title="bbox 646 4098 658 4177">
     <span class='ocr_line' id='line_1_48' title="bbox 646 4098 658 4177; baseline 0 0"><span class='ocrx_word' id='word_1_340' title='bbox 646 4098 658 4177; x_wconf 54' lang='grc' dir='ltr'><strong>ἱ,</strong></span> 
     </span>
    </p>
   </div>
  </div>
 </body>
</html>
