2799 4642
543 205 643 285 66
761 201 767 226 ¹
1310 209 1807 251 -==0===-

701 379 942 445 mitem
969 374 1271 441 nivalem
1296 379 1540 440 saltem
1567 377 1646 441 in
1670 380 2263 449 Rossbodenstock
2290 393 2359 451 et
2377 390 2569 454 Isen-

707 463 864 526 tock
900 460 1041 531 fere
1085 458 1345 539 ubique
1378 459 1688 543 parcius,
1730 462 1807 525 in
1849 464 2201 529 Grimsula
2238 472 2330 530 ad
2376 471 2570 535 nives

704 599 707 602 ,
752 560 1061 605 erennes.

619 566 920 689 Bali-bula
946 621 1072 683 illa
1098 619 1397 704 insignis
1422 640 1505 682 ex
1532 631 1852 702 apertura
1877 624 2289 710 vaginarum
2317 631 2573 726 depen-

544 713 714 772 dens
730 699 1193 767 differentiam
1212 701 1620 765 facillimam
1641 703 1989 785 simulque
2008 718 2255 770 certam
2275 713 2571 775 exhibet.

508 794 710 854 ›Haec
749 784 1044 848 barbula
1086 782 1376 848 omnino
1422 782 1851 846 desideratur
1888 785 1965 847 in
1994 785 2120 850 illo
2142 789 2212 869 J.
2240 790 2566 871 spadiceo

541 889 751 951 quem
783 866 860 928 in
895 866 1099 926 Flora
1141 865 1424 945 lappon.
1454 865 1825 947 descripsi,
1870 886 2011 945 quo
2040 871 2318 942 demum
2350 871 2568 935 didici

544 968 832 1035 gramen
861 943 1310 1027 lapponicum
1345 946 1434 1006 ad
1508 990 1524 1005 .
1546 945 1946 1025 spadiceam
1968 950 2158 1010 haud
2185 951 2567 1033 pertinere,

541 1033 665 1094 sed
699 1037 964 1090 tantum
992 1025 1391 1088 varietatem
1471 1069 1487 1086 .
1522 1026 1891 1105 parvzflori
1917 1031 2351 1093 constituere.
2431 1034 2571 1096 Eli-

530 1108 918 1175 ¹minandus
945 1104 1177 1187 itaque
1211 1115 1313 1167 est
1351 1108 1413 1168 J.
1447 1106 1807 1189 spadiceus
1838 1128 1875 1170 e
1904 1110 2108 1172 Flora
2137 1112 2526 1196 lapponica.

529 1219 685 1299 378.
724 1208 1061 1279 JUNCUS
1118 1212 1208 1273 al
1221 1210 1467 1275 bidus
1525 1214 1802 1293 Hoffm.
1850 1236 2064 1296 germ.
2113 1218 2247 1283 126.
2327 1215 2608 1284 Waltz·

789 1314 971 1377 spec.
1015 1312 1073 1357 2.
1127 1314 1196 1374 ρ.
1240 1310 1379 1373 219.
1461 1293 1743 1360 Haller.
1787 1315 2008 1359 enum.
2054 1317 2126 1377 p.
2169 1298 2306 1367 258.
2361 1320 2427 1361 n.
2463 1318 2560 1365 20.

785 1377 1020 1437 histor.
1061 1395 1126 1434 n.
1166 1375 1341 1449 1527.

706 1457 970 1519 Luzula
997 1453 1234 1516 albida
1264 1454 1528 1515 Gaudia
1557 1465 1815 1536 agrost.
1845 1473 1901 1519 2.
1941 1476 2009 1536 ρ.
2041 1458 2179 1538 245.

612 1540 800 1600 Hah.
845 1536 924 1598 in
976 1533 1421 1600 subhumidis
1459 1538 1821 1619 sylvarum
1863 1548 2350 1601 montanarum
2395 1541 2563 1603 Hel-

704 1615 901 1680 vetiae
943 1613 1274 1697 vulgaris.

528 1728 686 1807 379.
726 1725 1060 1787 JUNCUS
1118 1724 1415 1784 niveus
1470 1719 1709 1790 Willd.
1753 1743 1937 1804 spec.
1970 1724 2189 1805 plant.
2219 1745 2279 1790 2.
2319 1747 2388 1807 ρ.
2426 1746 2562 1794 220.

784 1803 1066 1866 Haller.
1106 1824 1326 1865 enum.
1354 1823 1425 1883 p.
1456 1800 1595 1880 257.
1629 1826 1694 1865 n.
1727 1820 1821 1884 19.
1862 1806 2097 1866 histor.
2127 1828 2191 1867 n.
2230 1811 2405 1873 1328.

695 1886 959 1948 Luzula
984 1884 1185 1945 nivea
1217 1882 1483 1946 Gaudin
1511 1894 1769 1963 agrost.
1796 1903 1852 1949 2.
1894 1906 1961 1965 ρ.
1986 1882 2123 1964 245.
2337 1949 2344 1966 f

614 1969 804 2030 Hah.
849 1964 1020 2027 locis
1073 1965 1565 2026 occultioribus
1614 1965 1994 2027 declivibus
2045 1964 2120 2026 in
2173 1964 2564 2047 subalpinis

705 2044 974 2127 alpium
1015 2042 1505 2105 altissimarum
1558 2045 1905 2127 praecipue
1957 2045 2323 2107 Gotthardi
2381 2046 2562 2108 circa

679 2125 1086 2188 ¹convallem
1141 2125 1492 2185 Ursariam
1551 2125 1812 2205 ubique
1879 2124 2303 2205 frequenter,
2373 2129 2564 2188 unde

684 2205 911 2267 ¹etiam
931 2204 1007 2267 in
1031 2204 1378 2266 convalles
1406 2203 1862 2287 inferalpinas
1880 2205 2271 2284 frequenter
2287 2209 2565 2269 descen·-

703 2287 805 2348 dit
825 2305 1043 2366 usque
1062 2287 1152 2347 ad
1175 2285 1596 2348 terminum]
1608 2286 1953 2370 uglandis‚=
1974 2307 2074 2350 ex.
2093 2308 2195 2372 gr.
2216 2289 2562 2372 adWyler

693 2367 1137 2443 'Uriensium,
1179 2377 1246 2428 et
1274 2368 1362 2427 ad
1382 2368 1711 2428 Thermas
1744 2367 2059 2431 fabarias.
2103 2369 2236 2430 Vix
2264 2369 2559 2431 occurrit

681 2446 776 2508 -in
813 2446 1068 2528 alpinis
1111 2447 1279 2528 ipsis
1326 2446 1533 2508 nudis
1583 2448 1989 2516 elatioribus
2036 2447 2177 2510 nisi
2216 2451 2305 2510 ad
2353 2470 2559 2531 rupes

702 2527 1192 2590 occultissimas
1233 2527 1529 2609 parcius.

525 2628 682 2697 '380.
719 2634 1056 2696 J-UNCUS
1109 2633 1641 2713 ‘campestris
1707 2632 1899 2695 Einn.
1956 2653 1988 2693 s
2038 2652 2135 2698 ec.
2178 2635 2400 2714 plant.
2451 2635 2554 2698 ed.

781 2711 1020 2776 Willd.
1064 2733 1120 2778 2.
1163 2734 1229 2794 p.
1275 2733 1412 2778 221.
1467 2732 1639 2774 svec.
1682 2733 1748 2773 n.
1780 2716 1918 2792 309.
1982 2653 2265 2794 ῗαρροη.
2309 2737 2376 2776 n.
2418 2720 2553 2782 126.

776 2792 1063 2857 Ἠαῖῖεν.
1106 2816 1324 2857 enum.
1353 2815 1422 2873 p.
1450 2792 1587 2858 256.
1631 2814 1695 2852 n.
1734 2794 1825 2870 14.
1868 2794 2100 2855 histor.
2141 2817 2205 2856 η.
2240 2799 2414 2859 1330.

692 2875 959 2936 -Luzula
979 2877 1373 2957 campestris
1395 2873 1659 2935 Gaudin
1688 2883 1946 2953 agro-st.
1971 2870 2042 2937 2.'
2065 2896 2137 2955 ρ.
2168 2875 2309 2955 246.

613 2953 794 3016 Hab.
833 2954 913 3017 in
953 2957 1303 3018 sterilibus
1334 2953 1559 3038 pratis
1584 2952 1805 3014 etiam
1840 2955 2232 3037 subalpinis
2275 2955 2557 3036 ubique.

534 3060 676 3123 381.
714 3064 755 3125 J
761 3064 884 3124 UN
890 3065 1051 3126 CUS
1092 3083 1122 3123 s
1137 3082 1183 3143 p
1205 3064 1281 3122 ic
1302 3081 1348 3121 α
1364 3071 1389 3121 t
1410 3082 1451 3120 ιι
1471 3081 1499 3121 s
1529 3060 1729 3120 -Linn-
1747 3079 1931 3141 spec.
1952 3061 2172 3141 plant.
2195 3061 2294 3125 ed.
2311 3062 2550 3125 Willd.

776 3160 837 3206 2.
864 3163 932 3223 p.
956 3161 1095 3207 222.
1136 3162 1306 3205 svec.
1344 3163 1406 3202 n.
1439 3145 1576 3204 310.
1622 3140 1904 3220 lappon.
1950 3163 2014 3202 n.
2051 3139 2183 3209 125.
2265 3143 2550 3210 Haller.

773 3242 994 3284 enum.
1020 3242 1100 3303 ρ.
1126 3222 1263 3289 256.
1306 3243 1370 3281 n.
1405 3222 1493 3299 14.
1537 3227 1603 3294 β.
1647 3222 1879 3282 histor.
1921 3243 1985 3282 n.
2032 3226 2204 3286 1330.
2245 3229 2315 3297 β.

691 3303 950 3364 Luzula
975 3304 1230 3384 spicata
1263 3301 1526 3364 Gaudia
1546 3311 1804 3382 agrost.
1831 3321 1890 3365 2.
1915 3323 1985 3382 ρ.
2008 3305 2146 3381 248.

594 3381 787 3444 Hah.
835 3383 1005 3445 locis
1049 3382 1499 3445 sterilissimis
1555 3381 1807 3463 apricis
1857 3383 1933 3444 in
1981 3382 2259 3464 alpibus
2305 3383 2552 3446 mediae

689 3461 1114 3543 altitudinis,
1161 3483 1262 3525 ex.
1301 3484 1403 3546 gr.
1456 3464 1755 3525 Sch‘afler
1800 3464 2552 3538 Abbatiscellanorum,

687 3549 753 3602 et
774 3542 1124 3606 altissimis
1153 3554 1386 3625 utpote
1397 3541 1770 3605 Gotthardi
1792 3545 2549 3629 etEngelbergensibus

684 3640 904 3704 usqu-‘e
943 3627 1030 3687 ad
1075 3624 1449 3687 terminum
1492 3623 1791 3686 nivalem
1837 3623 2101 3704 ubique
2140 3624 2437 3707 parciuS.

520 3728 659 3790 382.
703 3731 1020 3794 RUMEX
1077 3733 1420 3812 crispus
1462 3731 1652 3792 Linn.
1688 3748 1868 3812 spec.
1905 3731 2124 3812 plaut.
2165 3730 2265 3794 ed.
2301 3729 2542 3794 Willd.

758 3827 904 3890 2.ρ.
931 3811 1071 3878 251.
1115 3831 1285 3873 suec.
1312 3834 1374 3872 n.
1408 3813 1547 3891 514.

676 3891 1644 4051 ιεέαιῐῑὸιὲιὲι·ῌαίῖεν.εηιιηι.
1679 3912 1755 3974 p.
1801 3911 1933 4011 131.
1969 3915 2039 3957 n.
2080 3910 2139 3974 7.
2183 3888 2241 3958 8.
2300 3892 2540 3954 histor.
