2799 4642
2041 239 2179 291 XCI

161 382 429 480 ponicis
481 381 736 468 magna
780 383 982 480 eopia
1018 387 1245 469 Apum
1288 382 1723 470 alpinarum,
1769 411 1924 473 quae
1970 412 2184 457 conos

157 467 312 527 illos
352 485 596 560 aureos
640 465 990 546 melliferae
1017 466 1262 531 salicis
1301 472 1552 534 lanata:
1596 481 1835 557 tegunt
1875 483 1942 535 et
1976 473 2185 537 undi-

155 567 288 626 que
329 557 974 610 circumsusurrant.

229 697 295 782 §-
342 720 480 764 102.
523 706 778 770 Contra
826 706 897 767 in
943 704 1216 786 alpibus
1267 704 1646 769 Helveticis
1706 710 1826 768 aer
1883 705 2044 769 satis
2092 707 2182 770 ab

157 782 486 845 omnibus
513 786 851 847 culicibus
885 798 952 849 et
984 787 1231 869 apibus
1260 799 1598 869 purgatur
1626 787 1945 849 meteoris
1980 790 2188 851 vehe-

155 861 627 930 mentissimi&
707 871 842 928 Ae’r
878 877 1112 948 utpote
1140 870 1543 953 regionibus
1578 868 1858 950 tropicis
1895 868 2187 951 propior

153 943 526 1007 humorem
561 946 910 1011 multoties
947 947 1279 1024 majorem
1315 948 1656 1026 continet,
1697 958 1761 1012 et
1795 948 2188 1029 frequentes

157 1024 598 1105 explosiones
627 1027 925 1091 tonitrus
952 1040 1100 1090 atra
1132 1039 1330 1092 noete
1361 1029 1525 1090 inde
1558 1028 1751 1092 nives
1780 1030 2191 1113 grandines-

156 1124 296 1184 que
326 1105 835 1187 copiosissimas
864 1109 936 1170 in
966 1111 1033 1171 al
1086 1129 1158 1171 es
1181 1110 1647 1192 praecipitant‚
1690 1130 1842 1190 quae
1876 1111 2183 1173 cadendo

156 1184 236 1248 in
281 1185 578 1267 planitie
626 1188 975 1251 mitiorem
1054 1210 1319 1253 ormam
1365 1190 1762 1272 pluviarum
1809 1201 2188 1252 assumunt.

159 1267 346 1328 Cum
371 1257 450 1327 in
477 1269 765 1330 stabulis
792 1270 1056 1364 alpium
1079 1270 1407 1332 altiorum
1437 1270 1868 1352 explosiones
1894 1270 2189 1333 tonitrus

156 1356 364 1408 nocte
391 1347 678 1411 audiant
706 1352 1023 1413 hommes
1046 1351 1149 1412 ibi
1168 1372 1294 1435 per
1319 1362 1615 1414 aestatem
1645 1352 1963 1433 degentes
1980 1395 2005 1427 ,.
2040 1370 2187 1412 non

157 1425 468 1508 amplius
498 1430 815 1492 dubitant
848 1431 1078 1494 nivem
1102 1451 1408 1494 casuram
1445 1452 1620 1509 esse,
1662 1445 1728 1492 et
1765 1443 2077 1493 metuunt
2100 1450 2190 1494 ne

161 1526 421 1589 pascua
448 1508 697 1570 exinde
716 1510 1052 1587 jumentis
1078 1512 1220 1575 suis
1243 1511 1581 1574 inaccessa
1603 1510 1788 1573 fiant.
1857 1514 2009 1575 Hoc
2036 1510 2192 1591 qui-

161 1589 325 1648 dem
356 1607 502 1650 non
537 1589 689 1651 sine
722 1600 1002 1673 stupore
1034 1603 1103 1654 et
1134 1594 1352 1654 multo
1390 1593 1630 1653 dolore
1665 1611 1844 1673 saepe
1884 1591 2032 1672 ipse
2072 1612 2190 1654 ex·-

161 1678 404 1749 pertus
448 1688 609 1731 sum
657 1691 784 1754 per
828 1693 1053 1755 nuper
1104 1673 1606 1755 praeterlapsam
1664 1685 1992 1750 aestatem,
2034 1691 2190 1751 quae

164 1748 457 1828 quidem
493 1751 907 1833 vegetationi
949 1751 1155 1816 solito
1199 1752 1431 1815 minus
1476 1753 1709 1814 favens
1750 1752 1904 1830 fuit,
1946 1754 2064 1812 sed
2105 1770 2190 1813 eo

166 1829 392 1914 magis
414 1829 490 1892 in
520 1851 749 1892 meum
779 1831 983 1895 finem
1005 1833 1372 1897 instruens.
1415 1831 1747 1914 Equidem
1780 1830 2194 1893 crediderim

162 1921 472 1972 aestatem
523 1912 729 1974 talem
783 1913 1135 1977 duriorem
1190 1916 1410 1976 multo
1466 1912 1681 1996 magis
1743 1912 2056 1976 conferre
2101 1913 2196 1974 ad

167 1992 507 2053 terminos
565 1993 1061 2078 vegetabilium
1128 1992 1559 2057 definiendos
1579 2038 1598 2073 ‚
1667 2013 1876 2073 quam
1936 2001 2194 2055 aestates

166 2071 380 2143 solito
402 2071 848 2154 faventiores3
889 2093 1044 2155 quae
1071 2075 1259 2138 enim
1286 2078 1567 2138 arbores
1593 2083 1848 2137 aes'tates
1879 2072 2196 2134 duriores

167 2152 481 2239 perferre
507 2173 654 2218 non
675 2166 989 2251 possunt,
1030 2175 1073 2217 a
1101 2155 1314 2218 nullis
1339 2154 1728 2218 faventibus
1754 2154 1955 2217 annis
1985 2152 2198 2214 inter·-

167 2227 578 2299 eeden‘tibus
613 2236 719 2298 ibi
756 2238 848 2298 ad
887 2236 1345 2299 maturitatem
1372 2238 1866 2318 perducuntur.
1948 2235 2196 2299 Herhae

168 2314 411 2383 forsan
440 2366 444 2370 .
472 2316 719 2380 melius
770 2315 1279 2380 vicissitudines
1340 2326 1647 2380 aestatum
1701 2314 1934 2377 ferunt
1988 2333 2200 2394 quam

169 2401 494 2475 arbores,
535 2416 823 2479 eamque
848 2395 1081 2462 forsan
1114 2402 1206 2461 ob
1233 2417 1507 2460 causam
1529 2396 2200 2477 altiusxadscendunt

171 2479 253 2543 in
295 2477 490 2559 alpes
528 2477 915 2541 helvetieas.
999 2481 1089 2541 Ut
1118 2482 1358 2543 saltem
1390 2477 1613 2541 sciant
1645 2485 1907 2538 naturae
1945 2485 2202 2537 scruta-

172 2568 361 2621 tores
392 2557 468 2619 in
503 2559 966 2640 septentrione
1001 2561 1321 2641 degentes
1357 2558 1585 2640 qualis
1619 2567 1809 2619 aestas
1846 2556 2198 2629 interdum

174 2639 445 2703 incidat
472 2637 549 2700 in
577 2640 854 2721 alpibus
881 2639 1251 2718 helveticis‚
1279 2658 1560 2702 narrare
1588 2636 1763 2698 mihi
1790 2636 1990 2698 liceat
2011 2638 2203 2715 quod

173 2716 331 2803 ipse
362 2716 533 2779 vidi.
608 2717 742 2782 Die
786 2723 858 2782 18
891 2723 932 2783 J
939 2721 1093 2783 unii
1119 2719 1314 2805 regio
1349 2716 1720 2799 subalpina
1746 2715 2002 2778 Montis
2038 2713 2203 2798 Rigi

177 2799 830 2881 obtegebatur·nive
873 2820 1053 2863 nova
1091 2819 1310 2880 usque
1355 2802 1443 2861 ad
1493 2798 1828 2860 Balneum
1865 2793 2203 2879 frigidum

179 2892 248 2943 et
273 2880 613 2944 Sacellum
642 2880 961 2964 Rigense.
1014 2879 1144 2943 Die
1166 2898 1242 2958 29
1267 2882 1308 2942 J
1315 2876 1470 2939 unii
1505 2897 1742 2938 omnes
1757 2890 2042 2971 ‘montes
2072 2876 2207 2955 Ab7

167 2960 789 3024 ·hatiscellanorum
836 2962 1243 3045 tegebantur
1294 2958 1457 3022 nive
1494 2959 1704 3040 longe
1751 2966 1934 3018 mter
1974 2955 2207 3036 sylvas

179 3040 548 3104 abietinas.
628 3042 760 3109 Die
793 3059 833 3118 4
873 3053 939 3105 et
974 3046 1008 3105 5
1043 3044 1084 3104 J
1093 3039 1223 3102 ulii
1263 3037 1384 3101 nix
1429 3058 1607 3102 nova
1659 3056 1895 3099 omnes
1937 3039 2207 3103 Montes

181 3122 845 3206 Toggenburgens'es
896 3121 1268 3205 operiebat.
1348 3120 1480 3182 Die
1533 3123 1602 3182 15
1643 3116 1821 3180 Julii
1865 3116 2093 3183 nivem
2127 3114 2208 3207 ipu

185 3206 407 3266 Furca
435 3205 788 3265 cadentem
814 3212 1127 3285 expertus
1154 3222 1329 3264 sum.
1408 3199 1541 3264 Die
1569 3218 1647 3280 29
1674 3209 1740 3260 et
1766 3203 1845 3261 30
1870 3199 1908 3261 J
1917 3196 2048 3292 ulii
2089 3217 2212 3261 mx

185 3285 327 3347 alta
370 3283 447 3345 in
479 3287 713 3345 Monte
749 3286 960 3347 Lunae
999 3284 1313 3361 cadebat,
1355 3300 1597 3364 quam„
1640 3291 1891 3342 terram
1932 3299 2008 3338 m
2051 3279 2214 3336 6100

185 3367 451 3448 pedum
479 3363 860 3427 elevatione
883 3366 952 3427 d.
985 3369 1059 3426 31
1080 3363 1258 3428 sulii
1290 3365 1648 3444 obtegere,
1681 3357 1940 3442 reperi,
1985 3368 2052 3419 et
2079 3358 2209 3418 d..÷2

185 3444 490 3531 Augusti
546 3463 753 3527 supra
810 3445 1100 3508 eandem
1160 3442 1616 3506 elevationem
1671 3441 1903 3502 nivem
1960 3455 2212 3530 novant

188 3527 379 3587 ultra
419 3526 667 3606 pedem
705 3526 915 3588 altam
953 3524 1032 3588 in
1067 3523 1583 3587 Krauchkamm
1623 3522 1996 3604 pervadere
2036 3519 2216 3610 nubi

189 3626 467 3669 neeesse
491 3604 645 3683 fuit,
674 3619 748 3668 ut
773 3607 848 3669 in
870 3606 1083 3669 valles
1107 3605 1567 3667 Glaronenses
1589 3599 2042 3684 pervenirem.
2083 3600 2217 3661 D1e

192 3691 230 3750 5
259 3696 326 3749 et
365 3690 402 3749 6
431 3686 724 3766 Augusti
748 3686 994 3750 iterum
1022 3684 1146 3749 nix
1172 3683 1418 3750 cecidit
1444 3683 1520 3747 in
1542 3683 1817 3775 alpibus
1901 3682 2222 3773 laronen3

190 3767 390 3830 sibus
444 3785 662 3845 usque
709 3770 797 3830 ad
841 3768 1113 3850 sylvam
1155 3763 1555 3828 abietinam.
1632 3766 1761 3826 Dte
1816 3783 1835 3822 ι
1928 3763 2222 3852 Augusti

192 3860 376 3911 terra
409 3845 570 3908 nive
600 3847 1036 3928 operiebatur
1071 3864 1286 3926 usque
1311 3847 1403 3907 ad
1423 3847 1751 3909 balneum
1777 3840 2223 3925 frigidumaem

191 3927 985 3994 Schwander-allmend
1024 3925 1407 3991 elevatione
1451 3936 1717 3989 tantum
1763 3939 1924 4003 4400
1961 3921 2222 4006 pedum
