2799 4642
2096 351 2243 405 XIX

186 505 534 574 ‘convallis
575 502 720 569 fere
756 500 1081 568 centralis
1115 520 1349 565 versus
1389 502 1728 565 orientem
1774 511 2117 586 spectans»,
2158 508 2237 571 in

189 612 339 672 qua
393 590 575 666 jacet
628 586 991 649 Sacellum
1055 586 1319 666 rige-nse
1377 581 1662 663 (Maria
1723 604 1881 645 zum
1940 586 2238 670 Selmee)

189 673 354 748 4035
391 672 601 751 pedes
648 688 860 750 supra
908 686 1095 727 mare
1128 665 1261 745 54),
1305 665 1683 726 terminum
1726 666 1892 761 Fagi
1945 669 2238 733 omnino

187 770 516 833 aequans3
557 747 746 810 infra
773 747 953 809 illud
985 746 1325 808 orientem
1360 765 1597 807 versus
1635 759 1979 826 reperltur
2015 751 2241 812 domi-

186 832 443 896 cilium
481 829 741 892 Du‘elzli
778 828 855 890 in
908 827 1293 889 Rostiwald
1337 830 1494 907 2935
1541 828 1750 908 pedes
1794 847 2002 909 supra
2049 851 2240 893 mare

188 914 440 993 ibique
477 909 716 973 ultimi
756 917 1193 970 maturantur
1228 907 1487 969 Gerasi.
1570 909 1676 969 Ad
1711 908 1891 970 latus
1938 911 2238 975 exterius

188 991 528 1057 culminis
565 991 652 1053 Ri
708 988 879 1051 ifirst
912 1008 1147 1051 versus
1187 988 1556 1051 meridiem
1591 988 1876 1051 scaturit
1902 989 2238 1057 Balneum

167 1073 549 1155 frividum
596 1071 629 1152 (
687 1068 1201 1150 ehwesterborn)
1242 1088 1405 1146 4404
1445 1069 1653 1151 pedes
1694 1088 1907 1152 supra
1947 1091 2158 1133 mare.

128 1211 138 1225 ‚
272 1126 337 1236 ς’
388 1176 483 1217 ιο.
564 1154 1113 1215 δσιιεΥινιιΝιΑΜ
1153 1152 1439 1233 proprie
1473 1149 1575 1213 sic
1603 1149 1855 1212 dictam
1881 1151 2240 1216 constituit

184 1234 536 1298 convallis
562 1234 696 1295 lata
723 1234 971 1316 plana,
999 1251 1153 1311 quae
1179 1231 1379 1310 quasi
1399 1228 1608 1292 finem
1635 1230 1886 1293 format
1911 1233 2239 1314 planitiei

187 1312 656 1378 Lucernensis
685 1314 867 1375 intra
897 1315 1086 1394 alpes
1111 1311 1483 1390 intrusam,
1513 1322 1579 1373 et
1608 1332 1825 1392 usque
1845 1320 1937 1376 ad
1963 1314 2242 1398 Giswyl

187 1417 344 1458 non
388 1396 573 1456 ultra
606 1398 757 1474 1569
788 1395 996 1474 pedes
1031 1413 1084 1455 S.
1114 1412 1203 1455 m.
1246 1394 1555 1455 elevatur
1594 1403 1802 1473 atque
1836 1397 2025 1476 alpes
2059 1397 2241 1458 bene

191 1486 500 1558 separat3
544 1475 709 1537 inde
753 1494 918 1537 vero
963 1473 1166 1536 citius
1213 1472 1659 1537 adscenditur
1702 1476 1792 1535 ad
1837 1477 2243 1560 Lungeren-

190 1559 425 1620 lacum
444 1575 478 1617 2
495 1559 601 1617 108
619 1557 773 1637 ped.
787 1576 840 1616 S.
859 1576 948 1616 m.
969 1564 1357 1634 aequantem
1370 1553 1468 1635 θ),
1485 1564 1550 1614 et
1570 1565 1733 1618 tunc
1751 1566 1954 1617 restat
1972 1566 2241 1619 tantum

193 1657 419 1701 nexus
456 1637 805 1698 montium
834 1647 1166 1719 angustus
1193 1643 1259 1697 et
1285 1634 1576 1697 humilis
1615 1638 1701 1697 ad
1729 1636 2047 1720 Briinnig
2080 1639 2238 1702 3115

191 1721 409 1801 pedes
453 1738 510 1778 s.
562 1739 653 1777 m.
703 1718 1004 1778 elevatus
1039 1712 1192 1795 Μ’),
1234 1734 1377 1795 quo
1423 1716 1613 1795 alpes
1657 1717 2244 1780 Entlebuchenses

191 1798 555 1877 simulque
602 1795 864 1859 Pilatus
910 1799 997 1858 ab
1054 1794 1332 1878 alpibus
1388 1794 1758 1859 altioribus
1809 1795 2243 1884 disjungitur

193 1877 427 1962 magis
470 1897 679 1959 quam
723 1899 878 1940 cum
920 1876 1008 1938 iis
1052 1873 1508 1938 connectitur.

277 1957 342 2041 S.
391 1980 487 2020 ιι.
566 1957 828 2020 Pilatus
890 1956 1208 2018 omnium
1262 1956 1608 2018 montium
1663 1955 1876 2035 hujus
1931 1956 2244 2042 regionis

197 2039 503 2102 maxime
539 2037 1008 2101 memorabilis
1040 2048 1139 2099 est
1175 2038 1265 2099 ob
1303 2037 1748 2099 altitudinem
1778 2038 2127 2122 insignem
2163 2040 2245 2105 in

197 2120 523 2203 proxima
569 2119 833 2181 vicinia
885 2118 1243 2200 planitiei,
1307 2120 1397 2180 ob
1448 2118 1857 2181 violentiam
1907 2131 2246 2183 meteoro-

195 2223 361 2263 rum
423 2209 489 2261 et
548 2200 821 2282 copiam
899 2200 1297 2279 plantarum
1372 2198 1907 2262 rarissimarum.
2018 2202 2248 2264 Habet

196 2282 412 2344 etiam
458 2280 708 2344 faciem
756 2280 957 2341 valde
1008 2289 1274 2341 torvam
1329 2288 1396 2341 et
1449 2280 1811 2342 cacumina
1858 2281 2245 2345 admodum

196 2364 458 2441 fracta,
519 2362 754 2443 qualia
817 2359 1076 2422 nullibi
1140 2358 1281 2420 nisi
1340 2362 1431 2420 ad
1492 2360 1871 2423 terminum
1935 2361 2245 2426 nivalem

200 2443 516 2525 reperire
562 2444 885 2506 solemus.
969 2438 1178 2501 Basin
1225 2440 1434 2501 latam
1483 2459 1704 2519 usque
1755 2440 1832 2502 in
1881 2442 2244 2525 regionem

195 2523 518 2605 alpinam
547 2521 854 2612 eptolliss
898 2519 973 2581 in
1055 2540 1142 2581 ua
1174 2519 1534 2581 cacumina
1555 2521 1774 2582 multa
1801 2522 1991 2583 varie
2012 2522 2244 2606 dispo·-

190 2605 335 2668 sita
377 2614 571 2683 sunt,
612 2606 786 2665 adeo
826 2609 903 2662 ut
938 2600 1011 2662 di
1090 2599 1351 2661 cillime
1394 2600 1694 2663 describi
1727 2602 1964 2683 possit.
2043 2605 2244 2668 Acies

191 2686 310 2748 vel
358 2695 595 2748 catena
635 2687 894 2754 horum
943 2680 1380 2744 cacuminum
1418 2681 1827 2764 principalis
1868 2682 2123 2765 incipit
2162 2687 2243 2749 in

193 2766 364 2829 Ezel
386 2765 498 2841 cuj
511 2785 589 2828 us
625 2773 830 2847 caput
858 2766 1019 2840 6554
1045 2765 1253 2845 pedes
1278 2783 1492 2845 supra
1528 2783 1714 2825 mare
1740 2764 1842 2846 55)
1880 2766 2243 2850 attollitur,

194 2848 423 2929 idque
473 2854 552 2905 ut
596 2844 691 2907 ita
738 2844 964 2906 dicam
1015 2864 1227 2925 supra
1271 2843 1637 2924 planitiem
1691 2847 2239 2928 Lucernensem,

195 2928 394 2990 unde
434 2924 647 2987 etiam
687 2925 984 2987 fulmine
1011 2944 1222 3005 quam
1250 2924 1549 2985 maxime
1587 2935 1939 2988 exaratum
1969 2948 2244 3010 semper

192 3130 231 3186 5
246 3118 301 3193 4)
347 3117 633 3172 Sacellum
653 3120 882 3184 rigens-e
902 3116 1051 3171 med.
1069 3135 1134 3169 ex
1169 3130 1200 3185 7
1225 3118 1343 3173 obs.
1360 3119 1486 3172 Bar.
1507 3126 1578 3186 24
1594 3136 1649 3190 p.
1673 3117 1819 3187 4,51.
1840 3118 2011 3171 Ther.
2038 3140 2056 3172 1
2074 3131 2158 3185 1.5
2175 3124 2241 3178 Β.

1254 3252 1258 3256 ,
1933 3193 2033 3247 lib.
2061 3201 2151 3257 &8
2173 3199 2241 3252 R.

358 3267 554 3320 Tun-ici
587 3264 818 3336 45‘ped.
865 3283 1034 3339 supra
1056 3266 1172 3336 Alae.
1207 3268 1335 3323 Bar.
1369 3282 1440 3337 27
1467 3285 1524 3340 p.
1558 3286 1644 3336 1,2
1669 3266 1709 3321 l.
1761 3266 1993 3324 Therm.
2028 3280 2151 3339 14.7
2174 3274 2242 3326 Β.

1889 3343 1990 3399 lib.
2029 3365 2048 3396 ι
2099 3356 2151 3399 .”
2174 3346 2242 3400 R.

362 3415 500 3471 obs.
545 3415 595 3468 A
644 3415 939 3468 nonnullis
991 3433 1214 3486 quoque
1258 3417 1578 3471 coenobium
1624 3422 1841 3488 rigense
1888 3355 2151 3486 dicuni?
2180 3435 2246 3473 ut

361 3490 566 3542 melius
601 3490 974 3557 distingvatur
1008 3491 1076 3543 ab
1109 3493 1282 3545 altero
1317 3494 1530 3548 Sacello
1565 3492 2046 3563 Schwesterborn,
2091 3494 2244 3565 quod

361 3580 574 3617 nomen
611 3569 670 3616 in
711 3562 900 3617 tabula
943 3576 1139 3617 nostra·
1167 3574 1260 3620 aeri
1297 3573 1474 3620 incisa
1515 3571 1748 3639 irrepsit.

242 3638 307 3717 ⁴¹)
352 3640 661 3706 Langeren
692 3638 846 3691 lacus
873 3641 996 3694 Bar.
1031 3639 1103 3693 26
1129 3659 1181 3711 p.
1210 3655 1299 3710 0‚7
1329 3643 1368 3696 l.
1411 3643 1579 3696 Ther.
1611 3655 1703 3710 9.2
1729 3643 1794 3696 Β.
1915 3661 1924 3674 ‘
1967 3663 1976 3666 ⁴

365 3714 563 3766 Turici
585 3723 655 3779 45
676 3713 800 3781 ped.
818 3714 917 3767 s.l.
941 3715 1064 3768 Bar.
1090 3715 1163 3768 26
1180 3735 1236 3788 p.
1263 3738 1283 3770 ι
1300 3733 1384 3783 1,o
1404 3716 1445 3769 l.
1482 3718 1651 3770 Ther.
1677 3727 1799 3784 145
1828 3718 1891 3770 Β.
1913 3717 2013 3772 lib.
2038 3727 2159 3783 15.5
2176 3720 2243 3775 R.

204 3787 298 3863 δ”)
342 3789 621 3855 Brtznnig
647 3786 773 3840 Bar.
803 3799 871 3852 25
898 3806 955 3860 p.
989 3809 1067 3852 ι,ι
1096 3790 1344 3844 l..Ther.
1381 3803 1505 3857 13.o
1534 3794 1598 3846 Β.

365 3863 556 3915 Turici
586 3871 656 3930 45
679 3863 803 3931 ped.
831 3881 873 3917 s.
894 3865 933 3917 1.
947 3865 1074 3918 Bar.
1099 3865 1171 3919 26
1191 3883 1245 3937 p.
1268 3872 1389 3930 ιο,8
1413 3868 1452 3920 1.
1493 3867 1662 3921 Ther.
1689 3876 1810 3930 15.o
1826 3868 1892 3920 R.
1920 3866 2020 3920 lib.
2043 3877 2163 3933 15.5
2180 3868 2246 3922 Β.

199 3937 310 4011 55)
353 3937 583 3990 Pilatus
626 3942 692 3988 in
724 3937 870 3991 Ezel
913 3938 968 3993 d.
1014 3958 1081 3993 12
1120 3942 1262 4010 Aug.
1302 3941 1360 3995 h.
1401 3953 1455 4006 5.
1491 3959 1547 4013 p.
1590 3960 1665 3994 m.
1699 3942 1824 3995 Bar.
1859 3960 1922 3994 21
1965 3960 2018 4013 p.
2059 3955 2183 4008 10‚9
2208 3941 2248 3993 1.

1286 4013 1481 4086 (5935
1516 4016 1840 4089 centimet.)
1879 4017 2047 4070 Ther.
2071 4030 2153 4086 7.ι
2181 4017 2253 4069 R.

372 4085 568 4140 Turici
596 4095 667 4156 45
689 4083 817 4163 ped.
839 4105 884 4144 s.
909 4087 950 4144 l.
983 4090 1112 4145 Bar.
1137 4089 1214 4147 26
1239 4107 1297 4164 Ρ.
1329 4108 1453 4166 n,o
1471 4091 1513 4146 l.
1552 4091 1723 4145 Ther.
1756 4100 1879 4161 14.8
1905 4092 1971 4146 R.
