2799 4642
605 293 922 372 xxxw=

598 484 848 540 natura
878 471 1118 535 vivens
1155 469 1258 541 ibi
1285 466 1701 536 severiorem
1733 471 1853 534 sed
1887 469 2348 538 robustiorem
2383 469 2631 542 faeiem

599 556 902 619 induxit.
984 552 1493 616 Exindesaeile
1531 553 1877 633 suspicare
1914 553 2218 617 licuisset
2254 557 2632 625 terminum

597 635 983 702 abietinum
1033 634 1366 697 Helvetiae
1425 637 1618 700 haud
1673 653 2052 717 congruere
2110 657 2266 698 cum
2329 639 2632 702 termino

596 715 916 780 betulino
946 716 1024 775 in
1054 715 1448 796 Lapponia,
1489 718 1607 777 sed
1637 715 1904 796 sylvam
1938 716 2317 778 betulinam
2358 716 2433 779 in
2466 721 2637 781 Hel-

593 798 793 861 vetiae
848 795 1129 879 alpibus
1192 814 1348 856 casu
1408 799 1713 875 quodam
1763 814 2199 876 suppressam
2261 797 2509 878 fuisse,
2563 808 2634 862 et

594 879 956 964 regionem
993 875 1371 936 abietinam
1414 878 1489 936 in
1529 866 1845 937 Helvetia
1870 875 1979 937 his
2013 896 2158 941 non
2195 879 2633 941 obstantibus

596 980 673 1023 re
714 978 875 1020 vera
901 958 1319 1038 respondere
1348 955 1623 1043 regioni
1651 955 1973 1018 abietinae
2011 957 2353 1021 humilius
2383 958 2631 1041 positae

598 1040 677 1103 in
735 1038 1115 1122 Lapponia.
1196 1038 1366 1097 Rem
1431 1049 1659 1099 autem
1717 1036 1812 1097 ita
1867 1056 1940 1098 se
1997 1057 2141 1100 non
2197 1039 2452 1101 habere
2513 1041 2634 1101 de·-

596 1129 933 1183 monstrat
988 1127 1127 1180 tota
1176 1117 1490 1199 gradatio
1547 1117 1998 1212 vegetationis
2045 1128 2112 1180 et
2165 1118 2631 1183 habitationes

596 1195 1010 1280 incolarum.
1112 1198 1481 1261 Terminus
1548 1198 1893 1271 abietinus
1959 1197 2036 1258 in
2101 1199 2416 1261 Helvetia
2477 1220 2630 1263 non

594 1281 880 1363 longius
917 1279 1123 1342 distat
1155 1300 1195 1339 a
1231 1277 1478 1361 primis
1505 1277 1719 1361 placis
1752 1276 1932 1339 nivis
1958 1278 2381 1360 perennibus
2411 1300 2631 1360 quam

597 1362 935 1424 terminus
984 1359 1340 1422 betulinus
1387 1359 1465 1421 in
1513 1357 1907 1441 Lapponia3
1947 1359 2008 1420 si
2058 1356 2357 1440 ideoque
2408 1370 2630 1424 totam
2705 1417 2712 1431 ,Ἴ

593 1442 953 1527 regionem
1005 1439 1397 1502 betulinum
1451 1451 1517 1502 et
1561 1441 1715 1511 Pini
1750 1438 2088 1520 sylvestris
2136 1439 2212 1500 in
2262 1441 2629 1536 Lapponia

600 1542 758 1586 1000
809 1525 1017 1605 pedes
1072 1530 1502 1602 aequantem,
1556 1540 1766 1602 supra
1815 1519 2183 1581 terminum
2234 1521 2633 1586 abietinum

594 1618 857 1689 ponere
892 1599 1358 1665 ‘voluissemus
1403 1602 1478 1661 in
1516 1602 1797 1682 alpibus
1845 1598 2233 1680 helvetieis‚
2276 1609 2442 1664 tunc
2484 1611 2634 1667 ter-2

595 1686 829 1748 minus
878 1681 1232 1745 betulimis
1284 1681 1641 1765 regionem
1690 1682 2128 1742 subnivalem
2178 1681 2469 1745 omnino
2518 1694 2633 1747 at·-

592 1766 912 1848 tingeret.
995 1762 1346 1847 vegetatio
1393 1758 1661 1841 reliqua
1708 1772 1776 1821 et
1823 1761 2091 1823 cultura
2133 1770 2329 1825 terrae
2383 1766 2631 1826 admo-

594 1847 763 1907 dum
797 1844 1066 1907 diversa
1102 1854 1200 1905 est
1227 1842 1302 1903 in
1334 1841 1619 1925 regione
1645 1836 1951 1903 abietina
1988 1842 2319 1913 Helvetiae
2354 1853 2419 1905 et
2446 1846 2632 1926 Lap-

593 1925 850 2009 poniae.
928 1924 1148 2002 Regio
1204 1923 1509 1985 abietina
1558 1920 1930 2004 Lapponiae
1986 1918 2312 1985 omnibus
2361 1924 2634 2006 plantis

592 2005 853 2088 alpinis
888 2004 1030 2066 fere
1068 2001 1494 2081 destituitur,
1536 2001 1998 2064 habitationes
2027 2004 2378 2087 hybernas
2413 2006 2629 2069 undi-

593 2107 734 2167 que
753 2088 958 2148 habet
983 2095 1047 2145 et
1075 2086 1341 2146 cultura
1364 2083 1872 2146 frumentorum
1897 2082 2000 2145 ibi
2023 2087 2196 2146 adeo
2212 2085 2514 2148 succedit
2544 2091 2642 2150 ut'

591 2186 796 2251 agros
820 2164 1192 2250 frugiferos
1215 2163 1380 2227 satis
1407 2166 1671 2258 amplos
1694 2164 2006 2243 undique
2026 2165 2402 2228 videamus.
2436 2169 2628 2229 Con-

591 2256 699 2310 tra
734 2246 926 2330 regio
960 2246 1265 2307 abietina
1287 2246 1618 2308 Helveuae
1641 2244 2234 2315 numerosissimas
2263 2246 2394 2308 -alit
2469 2246 2628 2308 lan-

594 2338 697 2392 tas
739 2327 1007 2411 alpinas
1042 2328 1226 2389 inter
1255 2346 1424 2408 quas
1465 2326 1687 2408 Dryas
1731 2327 2174 2406 οοιορειαὶα,
2214 2268 2628 2409 Saxffagoe

594 2409 1125 2491 oppositifolia,
1165 2406 1500 2489 Ert’geron
1537 2408 1889 2486 alpinum,
1929 2406 2412 2488 Lycopodinm
2439 2410 2628 2487 alpi-

589 2510 794 2567 num,
821 2493 1163 2570 Plantago
1194 2488 1477 2568 alpina,
1515 2487 1925 2549 Soldanella
1955 2487 2200 2566 alpina
2220 2527 2241 2563 ,
2281 2489 2626 2553 Gentiana

588 2571 870 2634 uenalis
913 2580 1035 2631 etc.
1081 2570 1307 2630 solum
1358 2568 1803 2649 subalpinum
1851 2577 2034 2629 certo
2074 2567 2428 2647 indicant3
2470 2589 2629 2635 non.

587 2649 821 2714 hieme
839 2650 1190 2712 habitatur
1211 2644 1304 2727 (si
1330 2649 1577 2710 vallem
1599 2651 1655 2708 U
1663 2646 1948 2710 rsariam
1971 2647 2339 2730 excipias),
2381 2650 2629 2714 nullos

587 2749 793 2814 agros
829 2729 1067 2805 habet,
1113 2739 1177 2788 et
1223 2728 1310 2787 ab
1345 2727 1596 2808 incolis
1637 2730 1726 2789 ad
1765 2746 2015 2809 pascua
2057 2727 2298 2809 alpina
2345 2736 2625 2794 tantum.

582 2811 961 2876 adhibetur
989 2807 1093 2869 uti
1129 2806 1321 2903 regio
1360 2806 1671 2869 betulina
1710 2808 1784 2869 in
1816 2807 2214 2900 Lapponia,
2257 2808 2382 2871 ubi
2404 2809 2621 2874 etiam

584 2888 1032 2953 Kautokeino
1094 2886 1497 2969 excipienda
1539 2887 1768 2949 hieme
1809 2890 2183 2961 habitatur.
2258 2888 2333 2953 Si
2378 2888 2619 2969 itaque

586 2990 865 3033 omnem
888 2968 1115 3031 ideam
1149 2973 1230 3029 de
1258 2968 1662 3049 gradatione
1695 2978 1769 3029 ut
1796 2966 1893 3028 ita
1915 2968 2140 3030 dicam
2164 2970 2626 3052 vegetationis

578 3048 896 3135 generali
944 3047 1230 3129 ejusque
1287 3049 1486 3129 quasi
1534 3069 1661 3130 per
1705 3046 1956 3112 scalam
2013 3048 2481 3112 diminutione
2534 3050 2623 3116 iu

580 3130 1025 3194 altitudinem
1068 3150 1192 3211 per
1227 3149 1464 3191 omnes
1502 3139 1695 3193 terrae
1731 3130 1969 3211 plagas
2014 3130 2268 3210 aequali
2304 3149 2447 3191 non
2492 3132 2623 3194 de—

637 3231 845 3272 onere
883 3212 1237 3287 volumus,
1284 3229 1552 3271 necesse
1594 3210 1885 3272 omnino
1938 3219 2036 3271 est
2084 3207 2459 3271 terminum
2497 3229 2622 3275 ar.

579 3233 875 3358 {Oreum
924 3292 1034 3351 vel
1081 3287 1466 3354 abietinum
1513 3289 1588 3351 in
1640 3288 1958 3351 Helvetia
2001 3288 2430 3370 aequiparare
2476 3298 2623 3353 ter-

586 3372 784 3435 mino
821 3372 1111 3432 arboreo
1139 3371 1248 3432 vel
1286 3368 1600 3432 betulino
1635 3371 1712 3431 in
1740 3370 2132 3451 Lapponia‚
2175 3380 2242 3430 et
2278 3371 2635 3439 Helvetiae-

582 3452 942 3540 regionem
976 3449 1358 3513 abietinam
1381 3450 1757 3533 Lapponiae
1793 3448 2066 3532 regioni
2092 3448 2421 3514 betulinae
2451 3470 2624 3515 eon·

581 3534 785 3596 ferre.
862 3535 1061 3595 Tunc
1082 3543 1309 3593 autem
1340 3531 1694 3615 regionem
1719 3532 1900 3593 hanc
1928 3550 2009 3592 ex
2032 3531 2282 3592 arbore
2304 3529 2406 3593 ibi
2436 3552 2619 3613 prae·

578 3614 851 3676 valente
894 3609 1345 3674 denominare
1387 3614 1577 3674 haud
1619 3611 1974 3677 convenit.
2016 3622 2255 3693 utpote
2289 3631 2448 3692 quae
2491 3614 2624 3675 de-

578 3693 969 3757 nominatio
1020 3711 1438 3773 quamquam
1489 3689 1825 3754 facillima
1869 3692 2376 3774 comparationi
2411 3689 2619 3759 ‚falsae

577 3774 972 3852 inserviret-3
1001 3777 1238 3836 saltem
1271 3794 1311 3835 a
1342 3793 1450 3835 me
1472 3774 1661 3834 haud
1686 3773 2199 3855 exspectaveriS‚
2221 3782 2297 3834 ut
2324 3772 2620 3838 nomine

572 3855 709 3919 hoc
748 3855 1054 3942 regionis
1096 3854 1421 3917 abietinae
1466 3864 1705 3916 contra
1736 3853 2164 3935 propositam
2208 3852 2383 3914 mihi
2428 3873 2622 3918 com-

571 3938 1001 4020 parationem
1040 3934 1500 4020 vegetationis
1537 3934 1794 3996 summi
1822 3931 2309 4018 septentrionis
2347 3942 2412 3994 et
2445 3936 2620 3996 Hel-

458 4091 469 4104 ἱ
566 4018 769 4085 vetiae
818 4027 1179 4102 pugnante
1233 4025 1482 4078 uterer„
1566 4017 1826 4083 Omnes
1879 4026 2080 4081 terrae
2135 4014 2359 4100 plagae
2422 4015 2617 4101 alpes
