2799 4642
499 292 680 346 XLII

499 447 600 510 ita
627 444 832 508 etiam
865 442 1020 507 aliae
1047 439 1237 526 alpes
1267 442 1405 506 sibi
1428 445 1745 529 proprias
1772 445 2031 508 habent
2048 445 2342 530 plantaS‚
2376 468 2562 528 quae-

499 529 591 591 oh
626 527 1069 598 altitudinem
1106 525 1545 587 cacuminum
1582 527 1683 589 ibi
1721 537 2030 590 creseunt
2062 531 2185 591 sed
2215 529 2556 613 regiones*

499 619 731 672 tamen
775 627 954 689 saepe
997 604 1360 669 inferiores
1399 606 1478 684 in
1520 608 1609 670 iis
1652 618 2010 692 occupant.

582 686 640 770 §-
684 693 784 765 45.
830 690 1087 752 Coeteroe
1120 687 1311 769 alpes
1346 688 1691 751 altissimae
1730 688 2207 754 cacuminibus
2234 691 2535 757 limitem

501 770 809 833 nivalem
862 779 1261 851 superantes
1303 769 1523 832 alunt
1579 768 2057 834 Alchemillam
2124 774 2530 854 pentaphyl-

504 852 726 928 lewn,
767 852 1211 932 Phyteumam
1254 849 1875 932 hemisphoericam,
1910 851 2228 934 Caricem
2286 870 2532 916 curvu-

503 933 652 994 lam
692 941 757 995 et
788 929 1156 1013 foetidam‚
1198 931 1582 1012 Trifolium
1631 933 1984 1014 alpinum,
2024 935 2554 1017 Sempervivum'

499 1022 906 1077 montanum
957 1023 1079 1074 etc.
1129 1032 1283 1093 quae
1339 1012 1417 1074 in
1466 1014 1745 1099 alpibus
1795 1015 2283 1080 subnivalibus
2340 1018 2534 1077 haud

495 1116 576 1158 re
627 1094 948 1157 criuntur
985 1092 1170 1155 inter
1209 1092 1425 1156 niveS.
2333 1117 2337 1121 ’

623 1220 641 1238 .
683 1179 784 1252 46.
840 1171 1036 1254 Alpes
1073 1170 1302 1237 medi‘oe
1348 1175 1759 1255 altitudinis,
1804 1176 2154 1261 praecipue
2207 1196 2363 1258 quae
2412 1197 2553 1238 ex--
2607 1243 2618 1254 ‚

499 1259 715 1320 terius
749 1275 984 1321 versus
1014 1255 1377 1337 planitiem
1412 1257 1652 1340 positae
1680 1271 1875 1339 sunt,
1918 1260 2187 1342 plantas
2214 1258 2534 1341 proprias

500 1340 736 1401 aluntz
771 1359 880 1399 ex.
909 1357 1010 1420 gr.
1031 1335 1332 1399 Drabam
1360 1341 1851 1419 pyrenaieam,
1877 1341 2185 1421 Ραρανεν
2211 1339 2558 1420 alpinum*-

499 1418 581 1482 in
630 1419 886 1494 Pilato,
927 1419 1385 1498 Laserpitium
1426 1417 1606 1482 Siler
1646 1431 1769 1484 etc.
1818 1421 1895 1482 in
1950 1424 2187 1484 eadem
2239 1420 2531 1508 regione

495 1501 765 1584 alpium
790 1497 1302 1562 altissimarum
1345 1503 1537 1561 haud
1579 1510 1996 1564 occurentes.
2393 1544 2398 1549 -

581 1580 851 1644 Montes
904 1578 1259 1660 subalpini
1302 1601 1405 1641 ex.
1455 1598 1557 1662 gr.
1598 1582 1764 1666 Rigi
1814 1582 1959 1664 apti
2010 1589 2173 1646 sunt
2223 1600 2353 1663 pro
2408 1580 2537 1644 riis

499 1662 777 1745 plantis¹
806 1659 911 1723 uti
953 1659 1244 1722 Swerlioe
1292 1666 1611 1742 perenni,
1651 1663 1985 1727 Dentarioe
2025 1663 2372 1745 pentaphy
2406 1663 2538 1738 lae‚<

505 1743 842 1806 Gentinnoe
890 1741 1342 1824 asclepiadeoe
1385 1751 1513 1803 etc.
1747 1770 1759 1787 ·
1819 1770 1822 1775 ⁴
2545 1782 2552 1789 -

578 1820 639 1919 5.
681 1841 781 1902 47.
864 1822 1073 1906 Quod
1114 1822 1193 1884 in
1233 1821 1510 1904 alpibus
1552 1821 1884 1886 Helvetiae
1929 1821 2358 1886 australioris
2402 1831 2535 1885 ter-

498 1903 679 1966 mini
719 1906 1050 1988 arborum
1095 1901 1304 1964 aliam
1337 1901 2071 1965 habentaltitudinem
2114 1913 2181 1975 et
2216 1904 2552 1986 regiones·

497 1986 786 2048 diversae
843 2003 957 2044 ma
1009 1982 1351 2045 nitudinis
1410 1983 1746 2061 limitent,
1790 2004 1874 2046 ex
1932 1982 2535 2047 observationibus

502 2067 752 2128 Gener.
801 2085 929 2126 von
1023 2065 1158 2126 neh
1207 2062 1448 2126 didici.
1527 2063 1897 2126 Terminus
1944 2062 2229 2145 quidem
2278 2065 2535 2128 nivalis

494 2165 643 2209 non
693 2147 992 2206 multum
1041 2143 1376 2220 majorem
1424 2143 1867 2207 altitudinem
1921 2148 2176 2209 hahere
2217 2149 2535 2224 ¹videtur3

493 2225 875 2310 praesertim
913 2225 1485 2288 Rhododendron
1535 2227 1799 2287 tantum
1839 2246 2056 2307 usque
2097 2231 2184 2290 ad
2221 2231 2383 2290 6800
2409 2246 2550 2310 pe·-

498 2310 665 2371 dum
699 2307 1151 2370 elevationem
1184 2307 1619 2369 observatum
1664 2315 1798 2387 est,
1842 2328 2051 2388 quam
2087 2308 2536 2372 altitudinem

495 2390 707 2452 etiam
742 2388 819 2450 in
844 2388 1125 2471 ,alpibus
1147 2387 1497 2450 Helvetiae
1525 2388 2086 2471 septentrionalis
2125 2411 2227 2453 ex.
2316 2412 2367 2453 r.
2393 2390 2537 2452 Ab·-

493 2469 1004 2537 batiscellaneis
1046 2478 1235 2533 certe¹
1269 2468 1567 2551 attingit.
1642 2471 1776 2531 Sed
1821 2470 2161 2532 terminus.
2205 2492 2283 2533 ar
2334 2488 2537 2534 oreus
2613 2513 2618 2517 -

495 2550 782 2614 diversae
818 2553 1197 2612 admodum
1237 2548 1633 2611 altitudinis
1668 2548 2047 2612 invenitur.
2088 2552 2341 2630 Larix,
2382 2571 2546 2633 quae·

496 2630 577 2696 in
607 2629 923 2693 Helvetia
958 2629 1486 2713 septentrionali
1513 2628 1653 2693 fere
1681 2630 2113 2694 desideratur
2145 2654 2315 2714 paru
2329 2652 2540 2712 mque-

496 2714 879 2773 admodum
925 2710 1314 2788 adscendit,
1357 2710 1435 2770 in
1481 2711 1829 2772 Sabaudia
1870 2712 2185 2792 undique
2234 2716 2324 2774 ad
2374 2717 2541 2776 6500

495 2796 754 2877 pedum
779 2789 1236 2853 elevationem
1260 2786 1406 2866 (vel
1428 2810 1645 2871 usque
1666 2793 1755 2853 ad
1776 2795 2066 2855 eandem
2091 2793 2542 2856 altitudinem*

495 2894 578 2936 ac
618 2870 977 2936 cacumina
1013 2869 1221 2933 Pilati
1249 2868 1559 2951 habent).
1583 2872 1958 2954 reperitur;
1999 2884 2067 2937 et
2106 2877 2288 2939 hane
2326 2861 2556 2938 etiam*

495 2962 886 3034 sequuntur
919 2948 1193 3034 Abieta.
1217 2952 1549 3014 arborum
1586 2955 2145 3034 magnitudinem
2186 2966 2542 3038 aequantes
2582 3027 2584 3029 ,

497 3038 599 3097 ad¹
627 3038 785 3097 6300
819 3032 1073 3116 pedum
1102 3032 1587 3111 elevationem.
1664 3035 1776 3097 Sic
1812 3035 2140 3097 distantia
2177 3039 2361 3100 inter
2401 3048 2540 3100 ter-

498 3116 775 3178 minum
807 3114 1110 3176 nivalem
1148 3123 1213 3176 et
1245 3112 1633 3178 abietinum
1670 3115 2015 3178 minuitur
2037 3119 2245 3198 adeo,
2276 3131 2353 3181 ut
2375 3136 2548 3179 2200

496 3199 706 3280 pedes
738 3204 1002 3256 tantum
1033 3204 1308 3267 restent.
1388 3196 1441 3255 F
1445 3214 1622 3276 agas
1647 3198 2003 3260 adscendit
2024 3211 2304 3279 quoque
2325 3199 2543 3262 altius·

499 3298 710 3359 quam
747 3274 1174 3342 inHelvetia
1209 3276 1769 3359 septentrionali,
1810 3280 1999 3340 haud
2028 3292 2255 3342 tamen
2292 3281 2537 3342 eadem

499 3358 992 3444 proportione,
1035 3376 1191 3418 cum
1210 3356 1492 3430 arboris
1519 3357 1737 3426 instar
1759 3359 1835 3421 in
1856 3361 2006 3421 solo
2035 3359 2339 3442 planiori
2371 3379 2544 3439 4400

550 3440 756 3501 edum
782 3435 1244 3499 ¹elevationem
1279 3438 1470 3499 haud
1499 3448 1825 3522 superare
1859 3438 2174 3502 videatur
2206 3440 2307 3522 θ’).
2371 3443 2541 3524 Jug-

495 3462 652 3581 fans
682 3520 880 3601 regia
911 3528 1099 3580 tanto
1129 3518 1348 3603 magis
1374 3520 1730 3586 adscendit
1759 3542 1912 3582 cum
1944 3539 2122 3603 sae-pe
2153 3524 2334 3585 ultra
2376 3528 2546 3600 3500

497 3603 760 3685 pedum
800 3598 1257 3662 elevationem
1288 3602 1606 3664 succedat
1644 3600 1794 3678 ejus
1831 3601 2134 3684 cultura,
2175 3606 2286 3666 vel
2328 3601 2545 3668 altius

818 3703 1200 3747 ..-....-2....
1588 3707 1592 3715 ’

534 3802 595 3878 *2
636 3803 904 3858 Genetos.
937 3811 1064 3857 ‘von‘
1095 3803 1252 3857 Buclz
1287 3808 1345 3855 in
1373 3804 1628 3858 Gilberea·
1659 3808 1881 3862 Annal.
1909 3804 2010 3859 der
2036 3807 2249 3877 Phystk
2278 3817 2440 3868 1812.
2482 3818 2540 3871 5.

516 3895 521 3900 ·
648 3896 791 3952 pag.
827 3888 914 3946 48.
953 3878 1150 3949 paullo
1183 3878 1420 3947 majores
1460 3878 1781 3946 altitudines
1816 3886 1933 3953 ipse
1970 3882 2223 3946 exhibet,
2265 3899 2397 3933 cum
2425 3898 2540 3935 ter-

653 3954 1096 4008 minos-definiat
1124 3971 1189 4005 ex
1217 3953 1431 4005 ultimis
1460 3953 1745 4012 arboribus
1776 3958 1846 4013 ad
1877 3958 2053 4013 latere
2070 3971 2350 4031 praerupta
2369 3974 2539 4016 mon.-

650 4032 794 4084 tium
831 4044 1008 4102 prope
1044 4045 1204 4101 rupes
1242 4031 1645 4087 czescenttbus.
2497 4051 2512 4064 ³
