2799 4642
649 253 838 305 XCVI

644 400 1078 472 tentrionalis
1115 405 1301 463 trans
1332 398 1580 462 vallem
1622 392 1972 464 Ursariam
2000 401 2118 467 vix
2145 392 2434 470 ulterius
2469 417 2682 491 repe·

640 490 923 552 riuntur
960 497 1027 544 et
1071 480 1178 542 ibi
1218 479 1426 542 etiam
1477 492 1781 543 aromate
1826 487 2128 563 quodam
2181 486 2416 550 italico
2462 477 2679 568 quasi

643 570 1049 643 miscentur,
1104 580 1253 641 quo*
1300 578 1532 623 caseus
1574 561 1987 626 Ursarianus
2039 567 2406 649 proprium
2457 575 2681 633 suurn

642 661 916 735 gustum
954 642 1204 723 accipit
1238 640 1430 704 Italis
1471 642 1813 725 praecipue
1854 663 1978 706 exo
2032 655 2278 725 tatum3
2320 650 2408 709 ad
2451 650 2682 711 meri-

642 729 923 792 dionale
944 725 1121 787 latus
1140 724 1232 796 Su,
1250 722 1616 783 Gotthardi
1632 742 1866 786 versus
1885 729 1986 787 Ita
2016 725 2154 787 iam
2169 729 2681 796 etSabaudiam

639 814 829 892 alpes
855 806 1170 869 sicciores
1199 799 1377 863 fiunt
1397 813 1681 882 etparca
1707 823 1914 866 manu
1947 825 2216 870 caseum
2244 798 2679 893 largiuntur,

638 894 760 954 sed
802 909 843 951 a
884 882 1238 949 Marmotis
1278 882 1572 961 aliisque
1610 883 1922 947 Gliribus
1955 886 2327 948 siccitatem
2365 892 2680 952 amanti·-

640 976 770 1034 bus
811 986 988 1050 saepe
1024 963 1396 1026 admodum
1430 957 1880 1045 effodiuntur,
1920 965 2175 1046 quibus
2208 979 2440 1032 carent
2473 967 2680 1054 alpes

631 1046 1203 1135 septentrionales
1244 1041 1598 1105 Helvetiaec
2547 1075 2552 1079 ·

723 1202 782 1287 ὃ.
831 1218 963 1283 107.
1005 1199 1169 1266 Haec
1208 1189 1446 1263 omnia
1487 1208 1758 1262 causam
1795 1211 1992 1263 suam
2031 1189 2109 1266 in
2145 1193 2561 1271 humiditate
2605 1216 2679 1273 et

636 1288 939 1354 siccitatc
994 1285 1170 1345 ae‘ris
1227 1279 1570 1358 singulari
1630 1281 1882 1343 habere
1941 1281 2286 1347 videntur.
2384 1289 2678 1355 Plantas

638 1367 971 1434 littorales
1026 1375 1091 1425 et
1144 1371 1547 1443 campestres
1606 1365 1834 1422 ae‘rem
1886 1364 2250 1444 proprium
2305 1369 2675 1447 requirere

638 1451 845 1512 etiam
882 1445 1131 1507 exinde
1170 1441 1628 1526 intelligimus
1664 1443 1852 1520 quod
1886 1444 2136 1523 plantae
2177 1445 2538 1511 maritimae
2588 1452 2675 1515 in

637 1532 810 1594 locis
830 1527 1023 1589 salsis
1046 1530 1200 1585 a‘ere
1225 1544 1365 1585 cam
1379 1520 1589 1605 pestri
1609 1521 1995 1585 carentibus
2016 1525 2202 1586 haud
2217 1529 2678 1607 proveniunt*

642 1616 802 1693 Quo
841 1618 1068 1668 autem
1109 1615 1412 1685 respectu
1463 1595 1737 1663 differat
1776 1607 1894 1663 ae‘r
1939 1606 2330 1686 campestris
2372 1608 2459 1668 ab
2502 1615 2678 1675 ae‘re

641 1686 1063 1753 convallium
1117 1703 1268 1766 pro,
1297 1691 1480 1745 certo
1530 1676 1814 1763 probari
1869 1692 2134 1746 tantum
2184 1696 2404 1767 potest
2452 1690 2677 1755 bonis

640 1765 1237 1833 observationibus
1252 1761 1782 1854 hygrometficis
1797 1807 1818 1842 ,
1843 1763 2097 1844 quibus
2118 1769 2344 1829 adhuc
2366 1771 2676 1849 omnino

638 1867 984 1924 caremus3
1022 1845 1320 1925 ideoque
1351 1842 1744 1937 probabiles
1781 1854 2045 1906 tantum
2080 1847 2505 1924 conjecturas
2546 1855 2678 1913 ada-

638 1932 817 1993 ferre
851 1927 1071 1989 liceat.
1155 1928 1396 2005 Campi
1430 1923 1722 2011 arenosi„
1737 1933 1800 1985 et
1830 1924 2078 1988 ericeta
2108 1928 2456 2010 praecipue
2493 1933 2677 2009 Ger·

639 2008 889 2073 maniae
919 1996 1479 2087 ¹septentrionalis
1523 2012 1588 2062 et
1623 2005 1873 2082 Sveciae
1913 2006 2231 2069 australis
2270 2009 2508 2089 paucis
2554 2017 2674 2077 vel

637 2093 783 2154 fere
818 2086 1033 2150 nullis
1073 2085 1439 2148 arboribus
1477 2091 1648 2143 tecta
1689 2086 1914 2146 calore
1947 2086 2114 2148 solis
2151 2086 2405 2150 eximio
2446 2111 2675 2173 expo-

638 2177 935 2247 nuntur,
977 2186 1117 2245 quo
1170 2170 1288 2227 ae’r
1330 2164 1532 2225 valde
1581 2161 1799 2226 siccus
1845 2174 1912 2227 et
1965 2166 2299 2248 respiratu
2352 2167 2674 2239 difficilis

637 2248 887 2313 evadit.
944 2247 1132 2309 Talis
1154 2250 1271 2307 ae'r
1296 2243 1663 2306 exsiccatus
1689 2243 1792 2306 ibi
1822 2255 2126 2308 remanet
2155 2247 2505 2315 interdum
2537 2276 2674 2336 per

636 2330 1018 2396 nonnullos
1050 2346 1341 2406 menses,
1384 2345 1600 2404 usque
1637 2327 1802 2387 dum
1838 2328 1926 2387 ad
1959 2337 2370 2392 autumnum
2413 2348 2670 2399 contra
2704 2342 2711 2347 “

637 2411 865 2493 campi
894 2407 1221 2487 exsiccati⁸
1236 2404 1492 2490 pluviis
1527 2405 1823 2549 cp¹piosis
1853 2407 2315 2490 inundantur,-
2358 2433 2670 2492 quarum

636 2511 820 2573 aqua
846 2490 949 2551 ibi
977 2493 1066 2550 ob
1093 2487 1471 2549 defluvium
1494 2485 1565 2546 di
1645 2486 1776 2548 cile
1801 2488 2068 2570 stagnat
2095 2498 2161 2573 et
2186 2495 2412 2553 ae‘rem
2431 2514 2667 2573 *quam

634 2571 933 2636 maxime
985 2567 1396 2631 humiditate
1446 2575 1724 2630 saturat.
1802 2569 1990 2631 Talis
2040 2572 2159 2630 ae’r
2218 2573 2667 2654 graminibus

634 2663 904 2716 tantum
938 2648 1246 2733 angustis
1279 2644 1473 2708 duris
1509 2657 1576 2709 et
1607 2646 1862 2742 plantis
1896 2648 2226 2733 Ericinis,
2268 2655 2669 2721 Artemisiis

634 2743 757 2796 etc.
803 2732 1095 2809 idoneus
1134 2728 1440 2805 videtur3
1496 2748 1622 2790 nec
1661 2723 1765 2789 ibi
1800 2729 2304 2807 ‚obsiccitatem
2357 2727 2665 2800 nimiam

631 2814 1037 2874 diuturnam
1071 2807 1492 2892 proveniunt
1529 2829 1702 2871 verae
1742 2810 1993 2891 plantae
2020 2806 2466 2875 Succulentae.
2522 2815 2665 2880 Ae-

629 2914 780 2958 rem
814 2892 891 2954 in
918 2889 1350 2953 convallibus
1370 2888 1700 2970 Helvetiae
1729 2889 2103 2951 contrarias
2142 2892 2507 2972 qualitates
2543 2917 2664 2960 ac-

633 2973 861 3057 cipere
888 2991 1011 3054 per
1036 2989 1109 3031 se
1133 2978 1348 3050 patet3
1385 2971 1473 3031 ab
1501 2960 1698 3049 aquis
1726 2962 1832 3031 ibi
1859 2963 2169 3051 undique
2192 2975 2664 3043 defluentibus

631 3064 703 3116 et
735 3074 776 3115 a
811 3062 989 3114 terra
1014 3052 1399 3112 humectata
1424 3048 1905 3112 humiditatem
1939 3044 2289 3135 insignem
2320 3055 2665 3141 acquirit,

626 3144 698 3196 et
755 3152 1024 3215 semper
1081 3130 1226 3192 fere
1279 3139 1662 3209 conservat,
1718 3133 1917 3191 unde,
1965 3130 2171 3193 etiam
2238 3136 2664 3204 mutationes

632 3233 871 3277 omnes
903 3220 1371 3293 temperaturae
1404 3202 1482 3272 in
1515 3203 1833 3275 homines
1864 3211 2081 3296 magis
2120 3208 2419 3278 efficaces
2453 3216 2665 3301 sun't,

626 3305 921 3356 strumas
959 3291 1305 3386 praecipue
1346 3289 1721 3352 mulierum
1761 3286 2102 3372 efficiunt,
2142 3296 2262 3355 sed
2307 3314 2392 3357 ex
2435 3298 2667 3364 altera

629 3385 823 3458 parte
863 3377 980 3434 aer
1011 3381 1346 3452 respiratu
1380 3369 1605 3433 facilis
1635 3368 1746 3450 fit,
1787 3374 1974 3443 unde
2011 3373 2219 3435 etiam
2253 3368 2535 3439 Helveti
2581 3380 2667 3445 in

599 3454 830 3516 'terris
867 3451 1356 3532 campestribus
1389 3450 1596 3526 inviti
1624 3451 1889 3513 vivunt.
1967 3448 2351 3515 Helvetiam
2383 3468 2668 3540 septen·

629 3536 998 3596 trionalem
1022 3530 1433 3594 humiditate
1459 3526 1637 3593 aeris
1663 3552 1804 3613 prae
1832 3533 2086 3596 caeteris
2116 3536 2416 3618 gaudere
2452 3540 2566 3602 vel
2601 3542 2667 3607 si

629 3614 851 3677 mavis
880 3608 1231 3691 laborare,
1270 3630 1416 3674 non
1449 3610 1744 3673 dubium
1778 3609 2127 3674 videbitur
2157 3614 2219 3677 si
2251 3614 2467 3677 situm
2501 3619 2667 3697 ejus

541 3716 543 3718 ’
626 3715 671 3756 a
705 3696 850 3756 sole
877 3694 1377 3776 propemodum
1411 3712 1724 3754 aversum
1752 3695 1882 3754 sub
1913 3693 2262 3756 montibus
2297 3693 2665 3764 altissimis

626 3775 1156 3837 consideremus.
1196 3769 1381 3834 Hinc
1407 3771 1786 3835 derivanda
1814 3770 2142 3836 videntur
2172 3774 2320 3852 ejus
2354 3787 2561 3856 prata
2599 3792 2668 3844 et

680 3864 880 3918 ascua
906 3849 1361 3929 fertilissima,
1402 3852 1550 3931 ejus
1583 3850 1815 3914 minor
1841 3855 2317 3935 opportunitas
2350 3851 2666 3924 Cereali-

626 3877 757 4000 Eus
792 3934 1101 3999 colendis
1133 3953 1287 4013 quae
1321 3932 1440 3998 hic
1468 3933 1714 3999 culmis
1742 3931 2074 4015 foliisque
2103 3933 2374 4022 magnis
2404 3956 2665 4022 super-
