2799 4642
604 335 769 400 xxx

630 556 635 563 ,
681 489 740 573 ς.
783 496 882 554 30.
962 493 1071 553 Ad
1125 491 1247 552 has
1290 490 1693 553 altitudines
1731 491 2226 573 computandas
2263 511 2429 556 usus
2474 510 2632 559 sum

598 575 836 641 tabula
875 591 916 632 a
951 573 1093 634 Cel.
1124 575 1403 633 Horner
1430 574 1619 652 data,
1662 590 1815 651 quae
1846 581 2023 632 certe
2052 572 2457 636 altitudines
2491 597 2635 640 eas-

597 658 759 715 dem
817 656 932 714 dat
997 672 1168 733 quas
1237 672 1575 715 mensurae
1638 650 2239 735 trigonometricae.
2346 657 2634 721 Tabulae

595 744 824 799 autem
858 753 899 794 a
932 734 1108 797 Gen.
1136 732 1499 799 Lindenau
1529 733 1729 795 editae
1758 734 1834 793 in
1864 732 2108 794 Diario
2141 736 2251 796 111.
2279 755 2414 797 von
2433 741 2632 817 Zach,

599 816 854 895 quibus
885 834 1048 879 usus
1082 834 1236 876 sum
1267 817 1356 876 ad
1390 813 1903 878 observationes
1937 815 2239 880 meas,in
2269 818 2633 899 Lapponia

598 896 806 958 factas
842 898 1373 978 computandas,
1412 896 1652 978 paullo
1696 893 1992 972 majores
2034 896 2359 985 exhibent
2389 898 2633 963 altitu-

599 978 819 1038 dines.
899 979 1007 1039 Ad
1049 985 1435 1038 accuratam
1482 976 1718 1056 itaque
1765 976 2353 1056 comparationem
2395 977 2633 1058 acqui·
2709 1027 2713 1031 -

594 1061 920 1136 rendam,
982 1056 1384 1119 altitudines
1447 1057 1792 1118 montium
1865 1055 2211 1132 majorum
2273 1061 2633 1141 Lapponi-

599 1152 843 1200 corum
881 1141 1265 1200 secundum
1312 1138 1619 1207 tabulam
1655 1136 2164 1199 Hornerianam
2210 1137 2356 1214 jam
2395 1143 2631 1203 denuo

598 1218 1027 1299 computavi,
1065 1219 1254 1280 unde
1274 1218 1621 1302 prodeunt
1642 1216 2043 1279 altitudines
2072 1221 2215 1280 hae:
2254 1219 2631 1285 Sulitelma

597 1298 1058 1361 meridionale
1089 1301 1246 1362 5106
1273 1302 1480 1382 pedes
1501 1319 1713 1381 supra
1740 1318 1928 1359 mare
1956 1294 2053 1378 ὕ),
2087 1299 2450 1362 Sulitelma
2476 1321 2635 1385 sep-

595 1379 1012 1442 tentrionale
1066 1384 1221 1459 5705
1273 1383 1481 1463 pedes
1529 1394 1740 1462 supra
1784 1398 2015 1458 mare,
2073 1380 2419 1471 Virihjaur
2470 1388 2627 1461 1782

595 1499 805 1579 pedes
835 1517 888 1558 s.
918 1518 1047 1578 m„
1074 1478 1491 1574 Som'sszsjaur
1512 1499 1668 1560 2555
1698 1498 1906 1580 pedes
1939 1503 2005 1557 et
2026 1464 2633 1591 Zlmajulosjegna

595 1631 755 1691 4721
797 1600 1004 1696 pedes
1050 1633 1103 1675 s.
1135 1610 1355 1690 mare3
1397 1592 1709 1688 Ρῖιᾱηακ,
1752 1614 1944 1692 quod
1978 1599 2388 1687 circiterffinoo
2414 1616 2633 1695 pedes

594 1713 804 1775 supra
861 1692 1235 1755 terminum
1292 1693 1596 1755 nivalem
1651 1695 1991 1755 elevatum
2046 1701 2405 1774 putamu3‚
2463 1698 2632 1776 3295

593 1777 802 1857 pedes
848 1794 901 1836 s.
952 1793 1138 1835 mare
1187 1773 1483 1851 eminet3
1526 1776 1805 1855 culmen
1852 1774 2029 1855 alpis
2077 1773 2633 1855 Stromgtlumpen

596 1858 754 1933 2673
789 1857 996 1935 pedes
1039 1875 1091 1916 s.
1140 1877 1229 1916 m.
1263 1857 1588 1916 elevatur.
1669 1854 1743 1916 Si
1783 1855 2072 1917 ulterius
2123 1855 2209 1916 ab
2254 1856 2637 1919 altitudine

593 1938 941 1999 montium
1005 1936 1356 1996 minorum
1428 1946 1628 1997 antea
1689 1938 1846 1997 data
1909 1956 2129 1995 unum
2189 1939 2431 2018 pedem
2497 1960 2639 2019 per

593 2026 869 2078 centum
916 2017 1381 2094 subtrahisurg,
1422 2017 1756 2078 hahemus
1801 2015 2201 2078 altitudines
2247 2016 2413 2080 satis
2462 2036 2640 2081 con-

591 2096 947 2177 venientes
989 2119 1151 2183 curn
1189 2096 1530 2159 mensuris
1575 2096 1745 2161 meis
1784 2097 2158 2175 helveticis.
2343 2108 2346 2109 ’
2407 2100 2414 2115 ¹

744 2348 1029 2397 institutas
1074 2342 1434 2396 altitudinem
1488 2344 1793 2397 secundum
1834 2361 2042 2397 statum
2091 2347 2403 2400 Barome‘tri
2450 2351 2631 2403 Turi-

747 2425 922 2472 censis
966 2420 1176 2472 directe
1218 2424 1534 2489 conputavi.
1609 2422 1755 2473 Alias
1797 2436 1978 2472 autem
2013 2438 2140 2473 cum
2185 2437 2350 2474 unam
2396 2440 2631 2478 tantum

747 2494 1190 2546 observationem
1241 2494 1531 2547 habuerim
1579 2494 1885 2547 consultius
1929 2494 2061 2548 duxi
2107 2496 2252 2550 hanc
2297 2496 2370 2566 ad,
2411 2514 2630 2553 statum

740 2569 1056 2621 Barometri
1095 2572 1155 2620 in
1194 2573 1434 2622 statione
1474 2573 1720 2639 proxima
1755 2570 2051 2641 principali
2084 2586 2433 2642 computare,
2472 2592 2635 2645 prae-

747 2646 908 2711 cipue
939 2659 1067 2693 cum
1102 2643 1258 2695 locus
1296 2660 1326 2695 a
1351 2644 1559 2697 Turico
1598 2644 1823 2713 longius
1862 2661 2109 2697 remotus
2134 2643 2345 2700 {nissen
2421 2649 2633 2719 Itaque

741 2715 929 2768 studui
971 2719 1238 2768 stationes
1276 2734 1427 2770 meas
1466 2722 1752 2788 primarias
1792 2721 1975 2789 quoad
2021 2719 2378 2772 altitudinem
2423 2723 2630 2776 obser-

745 2790 1062 2843 vationibus
1088 2807 1253 2860 quam
1279 2792 1533 2862 plurimis
1559 2794 1835 2860 stabilire,
1875 2794 2007 2847 dein
2028 2799 2310 2847 cacumina
2334 2801 2633 2866 montium

742 2869 803 2918 in
837 2865 1038 2933 quibus
1072 2866 1244 2918 semel
1280 2881 1493 2919 tantum
1520 2867 1905 2923 Barometrum
1943 2867 2231 2921 observare
2264 2877 2422 2941 potui
2457 2869 2633 2944 supra

743 2941 842 2992 has
881 2946 1146 2994 stationes
1181 2948 1515 3013 computavi.
1593 2942 1747 2996 Talis
1780 2949 1941 2997 statio
1979 2948 2243 3016 primaria
2281 2964 2379 3016 pro
2412 2946 2631 3001 Monte

744 3014 827 3067 St.
860 3014 1162 3067 Gotthardi
1202 3014 1310 3069 fuit
1352 3019 1595 3070 Urs-eren
1634 3036 1713 3070 an
1746 3018 1849 3071 det·
1874 3022 2069 3082 Man,
2107 3037 2208 3089 pro
2235 3025 2459 3087 regione
2500 3022 2632 3075 Ab-

744 3087 1234 3143 batiscellanorum
1291 3089 1620 3167 Weffsbad
1665 3107 1721 3145 et
1758 3096 1837 3145 sic
1876 3098 1934 3145 in
1975 3098 2201 3146 caeteris.
2277 3096 2361 3145 Ita
2398 3096 2634 3150 intelli-

745 3163 934 3233 gendae
971 3179 1100 3217 sunt
1133 3164 1216 3216 hae
1249 3166 1662 3219 ohservationes
1695 3167 2184 3238 correspondentes
2210 3168 2296 3221 vel
2328 3184 2632 3226 coaetaneae

741 3255 877 3307 quas
927 3243 987 3290 in
1034 3244 1183 3293 notis
1236 3239 1486 3311 adposui.
1565 3243 1951 3295 Barometrum
2010 3260 2199 3295 meum
2256 3241 2324 3294 ad
2375 3243 2631 3301 modum

737 3311 1121 3384 Englefieldii
1170 3313 1380 3367 factum
1433 3332 1514 3369 est
1570 3332 1701 3369 cum
1757 3318 1903 3370 scala
1956 3333 2265 3370 mensuram
2320 3323 2631 3376 metricam

744 3389 1096 3451 ostendente3
1148 3406 1299 3442 meas
1351 3406 1536 3443 autem
1597 3393 2006 3445 observationes
2055 3405 2183 3464 post
2238 3398 2631 3450 correctiones

736 3467 1066 3515 necessarias
1097 3480 1199 3534 pro
1232 3479 1376 3517 statu
1403 3471 1664 3518 mercurii
1700 3471 1758 3519 in
1793 3467 2014 3521 vasculo
2051 3466 2267 3519 traduxi
2297 3471 2355 3518 in
2377 3467 2629 3538 pollices

740 3551 797 3590 et
835 3537 1004 3589 lineas
1049 3536 1462 3592 duodecimales
1507 3545 1867 3612 parisienses,
1906 3540 1999 3594 sed
2046 3541 2143 3593 ubi
2197 3541 2631 3598 observationes

738 3612 968 3681 majoris
1007 3618 1280 3665 momenti
1326 3611 1555 3668 fuerunt
1604 3630 1795 3686 utpote
1848 3634 1880 3667 a
1928 3617 2290 3669 veterioribus
2335 3623 2631 3672 mensuris

741 3689 985 3739 nimium
1021 3689 1385 3757 discrepantes
1427 3688 1658 3760 adposui
1696 3708 1918 3761 quoque
1958 3707 2277 3743 mensuram
2313 3694 2629 3748 metricam

740 3775 932 3830 utpote
966 3766 1363 3824 accuratiorem
1398 3764 1680 3833 simulque
1720 3782 1933 3838 tempus
1967 3765 2383 3819 observationis.

628 3833 661 3868 '⁵
725 3832 856 3887 Haec
940 3852 1069 3888 uam
1106 3853 1209 3888 nos
1241 3842 1638 3891 constituimus
1678 3838 1919 3894 altitudo
1960 3841 2437 3893 observationibus
2518 3859 2633 3895 ro·-

658 3830 688 3907 )
738 3912 869 3978 priis
897 3852 1006 3962 qbis
1054 3914 1299 3981 repetitis
1346 3917 1406 3963 in
1459 3917 1793 3970 stationibus
1839 3915 2051 3969 duabus
2098 3914 2442 3967 intermediis
2474 3857 2630 3973 {cih

733 3984 1102 4053 Lommijauri
1137 4000 1191 4038 et
1224 3986 1525 4059 Langvand
1561 3992 1763 4041 nititur
1798 3987 1908 4060 (uti
1944 3994 2168 4062 exposui
2206 3992 2268 4041 iu
2300 3989 2632 4046 Relatione

676 4052 685 4060 ’
738 4057 807 4109 de
846 4059 1166 4112 altitudine
1205 4072 1386 4117 mont.
1419 4064 1577 4133 lapp.
1619 4064 1672 4133 §.
1705 4065 1761 4134 §.
1795 4072 1850 4127 8.
1889 4063 1973 4124 16.
2011 4084 2095 4142 ¹9·
2125 4060 2248 4137 πο).
2324 4064 2386 4121 Si
2419 4077 2628 4119 autem
