2799 4642
1938 278 2138 379 atxxr

142 484 246 560 De
286 484 733 597 regionibus
786 485 1299 596 vegetationis
1341 511 1770 583 earumque
1812 488 2148 562 denomi-

953 604 1294 663 nullone.

204 730 260 816 s.
297 739 391 798 31.
455 738 632 798 Cum
662 737 814 797 loca
842 735 920 799 in
950 737 1205 818 quibus
1228 738 1482 820 plantae
1504 733 1803 820 singulae
1831 746 2151 802 crescunt

146 815 206 878 in
238 817 539 878 Helvetia
582 827 651 878 et
691 819 1052 900 Lapponia
1095 819 1480 882 accuratius
1529 838 1930 899 comparare
1970 820 2154 881 veli-

147 917 302 976 mus,
341 898 652 979 primum
695 919 965 962 necesse
1016 911 1116 961 est
1159 910 1237 962 ut
1274 899 1594 983 regiones
1637 898 1936 976 majores
1985 899 2152 961 defi-

144 977 383 1040 niamus
410 999 786 1059 earumque
807 980 1410 1043 denominationes
1430 1000 1927 1062 proponamus.
1965 980 2148 1042 Mihi

145 1058 394 1137 quidem
422 1058 717 1122 firmiter
746 1082 1151 1142 persuasum
1195 1072 1295 1123 est
1335 1065 1546 1123 totius
1584 1061 2038 1143 vegetationis
2083 1071 2154 1124 et

148 1138 407 1203 climatis
429 1140 744 1227 regiones
767 1144 955 1204 haud
982 1142 1260 1204 definiri
1288 1161 1487 1225 posse
1514 1144 1896 1204 secundum
1927 1163 2148 1204 unum

144 1219 492 1284 alterumve
545 1223 930 1306 vegetabile
984 1227 1157 1285 adeo
1200 1233 1277 1284 ut
1320 1222 1709 1305 comparari
1765 1233 2025 1302 queant
2071 1224 2152 1284 in

147 1298 402 1365 diversis
441 1301 677 1382 terris,
719 1325 882 1365 nam
927 1303 1070 1367 fere
1109 1324 1347 1366 omnes
1382 1306 1637 1386 plantae
1683 1302 1858 1365 alios
1892 1304 2154 1366 habent

144 1380 444 1446 terminos
509 1383 585 1445 in
628 1384 918 1449 diversis
977 1385 1210 1463 terris3
1263 1387 1385 1449 sed
1441 1383 1684 1464 utique
1738 1403 2011 1446 necesse
2052 1394 2155 1447 est:

142 1461 322 1525 totius
381 1464 836 1548 vegetationis
906 1477 1244 1546 quantum
1308 1465 1461 1528 fieri
1520 1474 1745 1547 potest
1805 1464 2154 1529 rationem

140 1540 386 1606 habere.
468 1548 622 1608 Hoc
661 1547 944 1627 quidem
987 1546 1317 1629 exemplis
1362 1547 1836 1608 demonstrare
1879 1556 1946 1608 et
1983 1547 2155 1608 illu-

139 1633 327 1687 strare
368 1625 522 1703 jam
576 1627 1010 1689 conabimur.
1089 1626 1453 1689 Terminos
1497 1646 1857 1707 supremos
1921 1636 2153 1708 utpote

141 1706 333 1788 magis
370 1707 780 1789 conspicuos
814 1707 1125 1789 primum
1155 1706 1449 1769 definire
1478 1706 1709 1786 lubet,
1752 1707 1852 1769 ita
1888 1717 1961 1769 ut
1992 1727 2155 1770 sen⁴

139 1783 247 1848 sim
292 1789 787 1850 descendamus
829 1791 919 1850 ad
961 1788 1377 1851 inferiores..
1626 1856 1630 1862 ,

201 1863 253 1947 S.
295 1872 398 1930 32.
485 1868 875 1932 Terminum
908 1870 1205 1932 nivalem
1239 1869 1315 1931 in
1359 1865 1649 1931 diversis
1692 1867 1892 1930 terris
1931 1887 2044 1929 ma
2092 1868 2154 1930 is

139 1965 503 2032 congruere
573 1960 639 2010 et
703 1949 1088 2012 faciliorem
1145 1959 1542 2032 comparatu
1602 1969 1745 2011 esse
1805 1949 1954 2012 ullo
2010 1888 2154 2012 aiio

138 2028 567 2114 praesupponi
611 2031 978 2112 potuisset3
1026 2041 1253 2093 tamen
1301 2029 1512 2091 etiam
1562 2028 1680 2091 hic
1724 2049 1869 2093 non
1922 2049 2157 2112 parvae

140 2106 545 2175 diversitates
599 2113 1066 2194 reperiuntur.
1149 2115 1326 2190 Cum
1374 2111 1492 2174 hic
1546 2111 1882 2174 terminus
1935 2112 2158 2196 magis

139 2189 368 2256 directe
408 2213 626 2274 quam
671 2193 858 2254 ullus
900 2192 1079 2254 alius
1120 2213 1162 2254 a
1201 2199 1664 2275 temperatura
1708 2194 1887 2254 aeris
1926 2213 2159 2255 neces-

133 2271 294 2334 sarie
335 2275 760 2359 dependeat,
802 2270 1086 2336 difficile
1128 2283 1227 2335 est
1269 2294 1431 2336 eum
1478 2271 1610 2334 rite
1656 2292 2046 2355 proponere
2090 2280 2159 2337 et

136 2350 405 2420 definire
474 2374 619 2417 non
680 2371 1057 2440 praegressa
1126 2352 1703 2417 determinatione
1762 2354 2160 2437 temperiei;

139 2452 327 2511 quam
370 2457 620 2501 verum
671 2434 812 2498 alio
867 2437 1025 2496 loco
1081 2430 1177 2515 (S.
1217 2455 1318 2517 97.
1359 2432 1498 2515 98.)
1552 2452 1893 2496 reservare
1938 2434 2161 2519 magis

136 2511 311 2579 lubet
343 2522 523 2579 adeo
559 2526 639 2577 ut
671 2536 825 2577 eam
852 2514 970 2577 hic
996 2534 1244 2598 parum
1279 2516 1614 2597 attingere
1645 2524 1910 2577 tantum
1937 2514 2163 2579 liceat.

138 2593 304 2659 Inter
333 2597 712 2681 Tropicos,
755 2598 881 2659 ubi
925 2603 1386 2680 temperatura
1428 2597 1858 2659 diversarum
1900 2607 2162 2680 tempe-

261 2805 592 2857 Barometri
615 2816 815 2854 statum
843 2801 1371 2873 cot-respondentem
1401 2808 1472 2861 28
1493 2800 1632 2873 poll.
1661 2820 1751 2867 ορ
1777 2802 1880 2854 lin.
1901 2820 1930 2854 a
1949 2800 2159 2855 Gener.

219 2889 223 2896 ’
264 2896 399 2930 von
441 2876 598 2928 Buclz
641 2877 989 2929 observatum
1040 2877 1326 2930 lubentius
1373 2891 1694 2947 computare
1733 2878 1893 2940 velis,
1934 2874 2162 2927 habebis

263 2971 380 3024 pro
411 2950 695 3004 Salitelma
729 2950 926 3004 merid.
957 2961 1102 3018 5157
1138 2951 1263 3022 ped.
1290 2966 1451 3023 supra
1480 2967 1631 3003 mare
1658 2966 1710 3002 et
1742 2969 1843 3022 pro
1871 2950 2162 3005 Sulitelma

267 3039 548 3101 septentr.
575 3024 722 3091 5756
740 3024 862 3096 ped.
889 3043 933 3079 s·
960 3043 1039 3081 m.
1116 3028 1284 3079 Hunc
1309 3040 1513 3078 statum
1543 3025 1849 3077 Barometri
1879 3043 1944 3077 eo
1970 3029 2162 3079 minus

271 3105 527 3156 nimium
551 3099 851 3154 demissum
874 3100 1076 3152 habere
1095 3118 1352 3173 possum,
1393 3116 1524 3152 cum
1556 3113 1744 3150 meum
1768 3101 2161 3153 Barometrum

268 3193 403 3250 post
436 3189 725 3228 reventum
756 3192 942 3228 meum
975 3180 1039 3227 in
1068 3176 1265 3230 littore
1302 3175 1468 3226 maris
1506 3172 1573 3224 ad
1600 3174 1781 3226 Inner
1810 3173 2027 3225 Foslred
2072 3175 2166 3226 die

188 3300 196 3307 ,
279 3259 349 3311 ¹8
377 3250 491 3305 Juli
531 3249 766 3303 meridie
802 3265 873 3317 27
899 3251 1041 3321 poll.
1078 3262 1173 3317 9‚9
1201 3250 1306 3304 lin.
1343 3246 1523 3320 (haud
1559 3262 1628 3315 27
1657 3247 1792 3320 poll.
1828 3260 1919 3314 ο,9
1955 3246 2166 3304 lin.'ut

269 3330 340 3378 in
371 3330 625 3378 versione
652 3326 767 3382 Cel.
798 3328 1177 3383 Ham-manni
1217 3341 1403 3378 errore
1441 3324 1763 3396 typographi
1804 3322 2038 3394 legitur)
2077 3325 2164 3377 vel

269 3400 399 3453 fere
426 3416 532 3453 tres
567 3401 746 3454 lineas
781 3400 1071 3454 demissior
1097 3399 1268 3452 fuerit
1291 3414 1460 3469 quam
1490 3400 1868 3451 Barometrum
1901 3399 2163 3454 Umense.

274 3475 414 3527 Haec
435 3475 634 3527 ultima
666 3476 977 3528 observatio
999 3492 1090 3527 me
1117 3475 1407 3527 absterruit
1443 3489 1474 3524 a
1509 3479 1929 3545 computatione
1955 3472 2166 3527 directa

271 3566 419 3602 *cum
459 3550 940 3605 observationibus
991 3554 1072 3602 sic
1123 3550 1287 3602 dictis
1327 3549 1883 3621 correspondentibus
1920 3563 2031 3599 tam
2073 3567 2169 3600 re-

276 3628 474 3679 motis.
514 3625 785 3677 Caeterum
805 3627 1211 3679 obser'vationes
1237 3640 1372 3676 meae
1402 3627 1461 3674 in
1482 3624 1984 3694 Almajalos-jegna
2004 3619 2167 3675 factas

274 3704 568 3752 minorem
616 3705 784 3753 etiam
820 3700 1176 3753 altitudinem
1213 3716 1316 3771 pro
1363 3699 1659 3752 Sulitelma
1696 3698 1987 3751 dederunt.
2065 3700 2168 3754 His

273 3772 604 3826 rationibus
644 3778 792 3827 nisus
825 3774 976 3827 haud
1010 3777 1245 3846 probare
1279 3789 1508 3845 possum
1541 3773 1691 3844 quod
1723 3774 2015 3826 Sulitelma
2056 3778 2170 3823 cir·-

282 3854 430 3900 citer
464 3866 576 3902 200
612 3849 774 3918 pedes
799 3852 968 3901 altior
999 3867 1165 3920 quam
1206 3853 1549 3919 computatio
1585 3847 1967 3919 mea‘pristina
2003 3848 2169 3899 exhi-

282 3923 457 3975 betur
496 3928 557 3976 in
592 3924 709 3977 Cel.
747 3924 975 3976 Gilbert
1010 3927 1236 3979 Annal.
1268 3923 1371 3976 der
1404 3923 1614 3993 Phystk
1651 3930 1812 3994 1812.
1855 3934 1908 3987 5.
1937 3941 1998 3993 p.
2034 3931 2164 3990 40„-

191 4063 200 4075 “
328 4002 476 4050 otius
513 4002 619 4050 erit
658 3999 949 4052 demissior
986 4017 1154 4070 quam
1196 4017 1357 4071 supra
1387 3999 1500 4052 dixi
1544 4002 1591 4053 si
1624 4003 2029 4053 correctionem
2069 4013 2170 4069 pm

278 4094 283 4099 ’
350 4072 591 4128 titudine
629 4073 995 4148 geographica
1033 4074 1382 4134 adhibemus.
1953 4093 1962 4104 *⁹
