2799 4642
884 807 1798 923 APPENDJX

662 960 1068 1040 Plantarum
1107 970 1462 1042 cultarum
1493 960 2026 1059 proecipz'zarum.

298 1367 604 1433 Cerasus
644 1373 734 1433 ob
764 1369 1024 1434 fruetus
1066 1388 1225 1432 suos
1265 1369 1546 1452 sapidos
1584 1368 1791 1435 altius
1833 1372 2085 1436 colitur
2128 1374 2339 1456 quam

482 1452 630 1512 ulla
650 1452 789 1513 alia
809 1452 1065 1534 planta.
1110 1455 1343 1516 Gerasi
1366 1453 1664 1514 fructum
1689 1472 1894 1514 suum
1923 1465 2341 1522 maturantes

482 1531 928 1615 reperiuntur
982 1533 1058 1593 in
1120 1531 1453 1596 lateribus
1515 1535 1859 1597 montium
1921 1534 2340 1600 exteriorum

479 1632 699 1692 usque
727 1614 816 1673 ad
839 1629 995 1691 2900
1027 1609 1231 1692 pedes
1266 1631 1480 1694 supra
1512 1631 1699 1676 mare
1735 1613 2082 1698 undique,
2112 1637 2211 1682 ex.
2235 1636 2338 1701 gr.

476 1695 569 1755 ad
592 1692 838 1754 Dachli
871 1691 1123 1755 Montis
1144 1692 1304 1776 Rigi
1320 1738 1340 1772 ,
1379 1713 1590 1776 supra
1610 1697 1882 1776 Trogen
1915 1696 2013 1758 im
2036 1699 2342 1782 Biirgen-

418 1798 421 1801 ·
483 1775 689 1856 berg3
729 1774 951 1834 rarius
987 1775 1414 1835 adscendunt
1447 1776 1536 1835 ad
1572 1779 1732 1838 3200
1759 1777 1963 1858 pedes
1997 1776 2100 1838 uti
2129 1797 2343 1858 supra

480 1855 760 1915 Stalden
805 1853 1318 1935 Subsylvaniae,
1361 1855 1571 1934 quam
1635 1853 1842 1917 etiam
1895 1856 2341 1929 altitudinem

482 1934 836 2018 attingunt
862 1932 939 1994 in
974 1934 1405 1995 convallibus
1434 1934 1951 2019 angustioribus
1982 1956 2083 1999 ex.
2113 1956 2215 2020 gr.
2249 1937 2342 1999 ad.

485 2016 836 2077 Guttanen
885 2013 1315 2077 Hasliensem
1335 2058 1355 2094 ,
1411 2014 1626 2077 immo
1678 2014 1754 2077 in
1775 2073 1780 2079 ,
1803 2018 2115 2082 convalle
2158 2019 2345 2078 Rhe-

478 2115 667 2157 nana
700 2095 884 2157 infra
911 2094 1247 2157 Dissentis
1283 2106 1594 2157 crescunt
1619 2096 1708 2156 ad
1742 2100 1901 2173 ³4⁰0
1921 2098 2178 2182 pedum
2206 2097 2344 2159 ele-

479 2176 863 2252 vationem3
904 2176 1023 2236 sed
1059 2196 1096 2236 e
1124 2175 1469 2237 contrario
1502 2176 1577 2238 in
1612 2176 2032 2258 planitiebus
2062 2178 2344 2240 elevatis

481 2256 841 2338 praecipue.
876 2254 1361 2336 subpaludosis
1424 2276 1719 2319 crescere
1780 2268 2096 2320 recusant
2160 2259 2344 2319 ultra.

487 2353 648 2413 2700
663 2339 917 2418 pedum
934 2335 1409 2415 elevationem,
1432 2340 1603 2399 adeo
1624 2346 1697 2402 ut
1709 2357 1925 2433 prope
1943 2337 2346 2405 Einsicdlen

480 2415 672 2477 baud
709 2416 864 2477 loco
919 2414 1154 2497 aprico
1199 2416 1336 2478 coli
1380 2416 1683 2505 possint,
1727 2437 1854 2481 nec
1898 2439 1979 2481 in
2031 2438 2161 2483 con
2177 2419 2346 2482 valle

487 2494 1050 2580 Engelbergerisi.
1224 2503 1229 2508 ’
1576 2519 1586 2524 ·

281 2598 286 2603 ·
323 2577 571 2644 Secale
613 2585 680 2639 et
718 2574 1086 2642 Hordeum
1139 2574 1364 2640 rarius
1405 2576 1746 2639 'coluntur
1786 2594 2007 2658 usque¹
2046 2578 2134 2642 ad
2184 2583 2347 2655 3400

482 2659 743 2741 pedum
768 2656 1220 2720 elevationem
1259 2655 1334 2717 in
1372 2655 1707 2719 lateribus
1743 2656 2087 2719 montium
2123 2659 2351 2720 mino-

482 2760 643 2801 rum
678 2758 780 2800 ex.
807 2759 909 2823 gr.
936 2740 1026 2799 ad
1064 2738 1380 2819 Hochalp
1423 2747 1491 2799 et
1525 2739 1876 2822 Hemberg
1899 2739 2000 2800 To
2050 2741 2275 2822 genbu
2289 2760 2351 2800 r-

483 2817 837 2903 gensium,
879 2827 945 2880 et
980 2816 1058 2879 in
1095 2820 1406 2884 convalle
1447 2817 1575 2883 illa
1606 2829 1895 2899 angusta
1926 2759 2147 2880 caf'ida
2169 2820 2351 2880 Rhe·-

483 2919 670 2961 nana
709 2919 918 2980 supra
961 2895 1288 2959 Chiamut
1329 2916 1549 2978 usque
1584 2900 1673 2958 ad
1710 2901 1869 2961 5000
1895 2901 2100 2982 pedes
2136 2918 2350 2980 supra

483 3000 709 3058 mare3
749 2982 871 3041 sed
902 2977 1054 3062 agri
1094 2999 1168 3041 re
1194 2998 1355 3045 vera
1389 2976 1689 3062 proficui
1714 2978 1791 3040 in
1828 2978 2128 3047 maxima
2155 2991 2349 3061 parte

484 3060 820 3127 Helvetiae
855 3058 1415 3142 septentrionalis
1436 3060 1628 3126 haud
1662 3069 1926 3122 exstant
1962 3080 2168 3142 supra
2193 3078 2354 3140 2700

489 3143 746 3223 pedum
793 3139 1269 3203 elevationem.

325 3221 536 3307 Pyros
579 3232 646 3284 et
685 3221 926 3284 Malos
966 3221 1218 3282 sativos
1269 3218 1591 3282 meliores
1624 3221 1815 3283 baud
1857 3217 2099 3283 inveni
2145 3233 2357 3304 supra

490 3319 650 3380 2700
661 3305 919 3385 pedum
943 3301 1398 3364 elevationem
1416 3345 1435 3379 ,
1461 3300 1523 3374 si
1549 3302 1927 3364 convallem
1946 3303 2355 3363 Rhenanam

492 3381 742 3445 iterum
790 3381 1169 3465 excipiam,
1225 3381 1352 3444 ubi
1399 3391 1711 3445 crescunt
1755 3383 1846 3445 ad
1891 3386 2053 3446 3300
2099 3385 2360 3463 pedum

492 3463 946 3525 elevationem
992 3461 1175 3524 infra
1215 3461 1576 3524 Dissentis.

316 3539 625 3627 Juglans
690 3539 1033 3605 omnium'
1079 3544 1411 3604 arborum
1475 3543 1817 3605 cultarum
1891 3539 2363 3624 copiosissime

491 3623 867 3716 reperitur,
928 3626 1101 3685 adeo
1172 3632 1248 3685 ut
1306 3622 1604 3685 limitem
1671 3626 1759 3685 ad
1815 3620 2366 3698 'dijudicandum

492 3702 698 3764 clima
728 3703 992 3782 ubique
1028 3698 1290 3766 offerat.
1377 3703 1698 3767 Occurrit
1738 3702 2053 3782 undique
2090 3701 2166 3763 in
2200 3702 2370 3763 late-

493 3781 688 3844 ribus
728 3784 1166 3866 planioribus
1190 3784 1537 3846 montium
1570 3784 1988 3847 exteriorum
2027 3801 2243 3859 usque
2277 3780 2370 3841 ad

490 3866 652 3926 2500
670 3863 931 3945 pedum
948 3863 1424 3942 elevationem3
1445 3866 1563 3927 sed
1584 3864 1928 3930 convalles
1954 3869 2018 3923 et
2033 3859 2360 3943 planities

487 3945 792 4006 elevatas
837 3945 1055 4031 magis
1098 3943 1280 4028 fugit
1320 3947 1529 4025 adeo,
1573 3955 1649 4006 ut
1692 3940 1951 4005 nullibi
1992 3951 2240 4002 crescat
2281 3939 2359 4001 in

491 4034 631 4089 tota
670 4026 746 4089 di
762 4023 948 4091 tione
982 4023 1605 4116 'Ifoggenburgensi
1645 4033 1711 4089 et
1749 4026 1843 4098 St.
1887 4020 2236 4104 Gallensi,
2277 4040 2366 4086 ne
