<?xml version="1.0" encoding="UTF-8"?>
<!DOCTYPE html PUBLIC "-//W3C//DTD XHTML 1.0 Transitional//EN"
    "http://www.w3.org/TR/xhtml1/DTD/xhtml1-transitional.dtd">
<html xmlns="http://www.w3.org/1999/xhtml" xml:lang="en" lang="en">
 <head>
  <title>
</title>
<meta http-equiv="Content-Type" content="text/html;charset=utf-8" />
  <meta name='ocr-system' content='tesseract 3.04.00' />
  <meta name='ocr-capabilities' content='ocr_page ocr_carea ocr_par ocr_line ocrx_word'/>
</head>
<body>
  <div class='ocr_page' id='page_1' title='image "./georgiiwahlenbe00wahlgoog_0099.png"; bbox 0 0 2799 4642; ppageno 0'>
   <div class='ocr_carea' id='block_1_1' title="bbox 1879 269 2180 327">
    <p class='ocr_par' dir='ltr' id='par_1_1' title="bbox 1879 269 2180 327">
     <span class='ocr_line' id='line_1_1' title="bbox 1879 269 2180 327; baseline 0.017 -5"><span class='ocrx_word' id='word_1_1' title='bbox 1879 269 2180 327; x_wconf 79' lang='lat' dir='ltr'>LXXXIX</span> 
     </span>
    </p>
   </div>
   <div class='ocr_carea' id='block_1_2' title="bbox 153 420 2249 1233">
    <p class='ocr_par' dir='ltr' id='par_1_2' title="bbox 153 420 2249 1233">
     <span class='ocr_line' id='line_1_2' title="bbox 159 420 2183 506; baseline 0.002 -20"><span class='ocrx_word' id='word_1_2' title='bbox 159 420 533 486; x_wconf 83' lang='lat' dir='ltr'><strong>adscendit.</strong></span> <span class='ocrx_word' id='word_1_3' title='bbox 613 422 696 481; x_wconf 87' lang='lat' dir='ltr'><strong>In</strong></span> <span class='ocrx_word' id='word_1_4' title='bbox 736 421 1109 503; x_wconf 87' lang='lat' dir='ltr'><strong>paludibus</strong></span> <span class='ocrx_word' id='word_1_5' title='bbox 1155 443 1399 506; x_wconf 80' lang='lat' dir='ltr'><strong>parum</strong></span> <span class='ocrx_word' id='word_1_6' title='bbox 1446 422 1723 487; x_wconf 84' lang='lat' dir='ltr'><strong>elevatis</strong></span> <span class='ocrx_word' id='word_1_7' title='bbox 1761 425 2183 490; x_wconf 81' lang='lat' dir='ltr'><strong>Smolandiae</strong></span> 
     </span>
     <span class='ocr_line' id='line_1_3' title="bbox 162 502 2180 585; baseline 0.003 -20"><span class='ocrx_word' id='word_1_8' title='bbox 162 503 404 570; x_wconf 79' lang='lat' dir='ltr'><strong>Betula</strong></span> <span class='ocrx_word' id='word_1_9' title='bbox 458 519 681 573; x_wconf 82' lang='lat' dir='ltr'><strong>nana,</strong></span> <span class='ocrx_word' id='word_1_10' title='bbox 742 502 941 563; x_wconf 76' lang='lat' dir='ltr'><strong>Galla</strong></span> <span class='ocrx_word' id='word_1_11' title='bbox 996 503 1324 582; x_wconf 81' lang='lat' dir='ltr'><strong>palustris</strong></span> <span class='ocrx_word' id='word_1_12' title='bbox 1373 514 1496 566; x_wconf 86' lang='lat' dir='ltr'><strong>etc.</strong></span> <span class='ocrx_word' id='word_1_13' title='bbox 1561 517 1961 583; x_wconf 87' lang='lat' dir='ltr'><strong>occurrunt,</strong></span> <span class='ocrx_word' id='word_1_14' title='bbox 2025 528 2180 585; x_wconf 66' lang='lat' dir='ltr'><strong>quae</strong></span> 
     </span>
     <span class='ocr_line' id='line_1_4' title="bbox 160 583 2182 665; baseline 0.003 -21"><span class='ocrx_word' id='word_1_15' title='bbox 160 583 460 665; x_wconf 82' lang='lat' dir='ltr'><strong>Upsaliae</strong></span> <span class='ocrx_word' id='word_1_16' title='bbox 504 601 798 644; x_wconf 89' lang='lat' dir='ltr'><strong>crescere</strong></span> <span class='ocrx_word' id='word_1_17' title='bbox 838 602 980 645; x_wconf 89' lang='lat' dir='ltr'><strong>non</strong></span> <span class='ocrx_word' id='word_1_18' title='bbox 1008 595 1313 664; x_wconf 84' lang='lat' dir='ltr'><strong>possunt.</strong></span> <span class='ocrx_word' id='word_1_19' title='bbox 1394 588 1476 646; x_wconf 91' lang='lat' dir='ltr'><strong>In</strong></span> <span class='ocrx_word' id='word_1_20' title='bbox 1508 587 1687 647; x_wconf 88' lang='lat' dir='ltr'><strong>Herc</strong></span> <span class='ocrx_word' id='word_1_21' title='bbox 1744 584 1877 647; x_wconf 83' lang='lat' dir='ltr'><strong>niae</strong></span> <span class='ocrx_word' id='word_1_22' title='bbox 1917 599 2182 651; x_wconf 84' lang='lat' dir='ltr'><strong>montes</strong></span> 
     </span>
     <span class='ocr_line' id='line_1_5' title="bbox 157 661 2249 749; baseline 0.003 -26"><span class='ocrx_word' id='word_1_23' title='bbox 157 665 381 746; x_wconf 86' lang='lat' dir='ltr'><strong>Fagus</strong></span> <span class='ocrx_word' id='word_1_24' title='bbox 414 661 830 738; x_wconf 87' lang='lat' dir='ltr'><strong>jamdudum</strong></span> <span class='ocrx_word' id='word_1_25' title='bbox 868 664 1221 726; x_wconf 87' lang='lat' dir='ltr'><strong>adscendit</strong></span> <span class='ocrx_word' id='word_1_26' title='bbox 1262 666 1348 726; x_wconf 88' lang='lat' dir='ltr'><strong>ad</strong></span> <span class='ocrx_word' id='word_1_27' title='bbox 1388 683 1540 745; x_wconf 75' lang='lat'>2191</span> <span class='ocrx_word' id='word_1_28' title='bbox 1577 686 1662 748; x_wconf 91' lang='lat' dir='ltr'><strong>pe</strong></span> <span class='ocrx_word' id='word_1_29' title='bbox 1714 709 1729 726; x_wconf 93' lang='lat'><strong>.</strong></span> <span class='ocrx_word' id='word_1_30' title='bbox 1766 687 1818 727; x_wconf 90' lang='lat' dir='ltr'><strong>s.</strong></span> <span class='ocrx_word' id='word_1_31' title='bbox 1850 687 1937 725; x_wconf 90' lang='lat' dir='ltr'><strong>m.</strong></span> <span class='ocrx_word' id='word_1_32' title='bbox 1964 687 2182 749; x_wconf 87' lang='lat' dir='ltr'>prope</span> <span class='ocrx_word' id='word_1_33' title='bbox 2244 694 2249 701; x_wconf 91' lang='lat'><strong>·</strong></span> 
     </span>
     <span class='ocr_line' id='line_1_6' title="bbox 157 740 2182 828; baseline 0.002 -25"><span class='ocrx_word' id='word_1_34' title='bbox 157 744 487 811; x_wconf 82' lang='lat' dir='ltr'><strong>Rhebach</strong></span> <span class='ocrx_word' id='word_1_35' title='bbox 541 740 741 817; x_wconf 81' lang='lat' dir='ltr'><strong>juxta</strong></span> <span class='ocrx_word' id='word_1_36' title='bbox 795 744 1068 804; x_wconf 89' lang='lat' dir='ltr'><strong>Rheber</strong></span> <span class='ocrx_word' id='word_1_37' title='bbox 1116 748 1484 828; x_wconf 84' lang='lat' dir='ltr'><strong>ergraben‚</strong></span> <span class='ocrx_word' id='word_1_38' title='bbox 1541 760 1606 807; x_wconf 90' lang='lat' dir='ltr'><strong>et</strong></span> <span class='ocrx_word' id='word_1_39' title='bbox 1667 746 1743 807; x_wconf 90' lang='lat' dir='ltr'><strong>in</strong></span> <span class='ocrx_word' id='word_1_40' title='bbox 1791 748 2182 810; x_wconf 73' lang='lat' dir='ltr'><strong>summitate</strong></span> 
     </span>
     <span class='ocr_line' id='line_1_7' title="bbox 156 821 2182 911; baseline 0.003 -27"><span class='ocrx_word' id='word_1_41' title='bbox 156 822 416 896; x_wconf 82' lang='lat' dir='ltr'><strong>montis</strong></span> <span class='ocrx_word' id='word_1_42' title='bbox 442 821 802 884; x_wconf 89' lang='lat' dir='ltr'><strong>Hillebille</strong></span> <span class='ocrx_word' id='word_1_43' title='bbox 834 843 1041 905; x_wconf 89' lang='lat' dir='ltr'><strong>supra</strong></span> <span class='ocrx_word' id='word_1_44' title='bbox 1168 827 1489 908; x_wconf 84' lang='lat' dir='ltr'><strong>uterberg</strong></span> <span class='ocrx_word' id='word_1_45' title='bbox 1521 846 1671 888; x_wconf 89' lang='lat' dir='ltr'><strong>eam</strong></span> <span class='ocrx_word' id='word_1_46' title='bbox 1706 826 1929 911; x_wconf 90' lang='lat' dir='ltr'><strong>reperi</strong></span> <span class='ocrx_word' id='word_1_47' title='bbox 1965 848 2182 907; x_wconf 87' lang='lat' dir='ltr'><strong>usque</strong></span> 
     </span>
     <span class='ocr_line' id='line_1_8' title="bbox 154 904 2183 992; baseline 0.002 -27"><span class='ocrx_word' id='word_1_48' title='bbox 154 906 240 965; x_wconf 89' lang='lat' dir='ltr'><strong>ad</strong></span> <span class='ocrx_word' id='word_1_49' title='bbox 283 921 448 964; x_wconf 78' lang='lat'>2200</span> <span class='ocrx_word' id='word_1_50' title='bbox 477 904 730 990; x_wconf 88' lang='lat' dir='ltr'><strong>pedum</strong></span> <span class='ocrx_word' id='word_1_51' title='bbox 761 904 1236 966; x_wconf 84' lang='lat' dir='ltr'><strong>elevationem.</strong></span> <span class='ocrx_word' id='word_1_52' title='bbox 1317 907 1624 992; x_wconf 78' lang='lat' dir='ltr'><strong>Quercus</strong></span> <span class='ocrx_word' id='word_1_53' title='bbox 1653 917 1875 967; x_wconf 86' lang='lat' dir='ltr'><strong>autem</strong></span> <span class='ocrx_word' id='word_1_54' title='bbox 1910 907 1983 967; x_wconf 92' lang='lat' dir='ltr'><strong>in</strong></span> <span class='ocrx_word' id='word_1_55' title='bbox 2010 910 2183 969; x_wconf 89' lang='lat' dir='ltr'><strong>Her-</strong></span> 
     </span>
     <span class='ocr_line' id='line_1_9' title="bbox 156 981 2186 1070; baseline 0.003 -26"><span class='ocrx_word' id='word_1_56' title='bbox 156 983 371 1065; x_wconf 86' lang='lat' dir='ltr'><strong>cynia</strong></span> <span class='ocrx_word' id='word_1_57' title='bbox 410 981 528 1043; x_wconf 83' lang='lat' dir='ltr'><strong>vix</strong></span> <span class='ocrx_word' id='word_1_58' title='bbox 565 1001 773 1063; x_wconf 88' lang='lat' dir='ltr'><strong>supra</strong></span> <span class='ocrx_word' id='word_1_59' title='bbox 807 985 1153 1070; x_wconf 84' lang='lat' dir='ltr'><strong>Herzberg</strong></span> <span class='ocrx_word' id='word_1_60' title='bbox 1186 987 1442 1048; x_wconf 89' lang='lat' dir='ltr'><strong>crescit.</strong></span> <span class='ocrx_word' id='word_1_61' title='bbox 1523 985 1861 1048; x_wconf 88' lang='lat' dir='ltr'><strong>Distantia</strong></span> <span class='ocrx_word' id='word_1_62' title='bbox 1894 1007 2186 1068; x_wconf 86' lang='lat' dir='ltr'><strong>perpen-</strong></span> 
     </span>
     <span class='ocr_line' id='line_1_10' title="bbox 156 1061 2185 1149; baseline 0.003 -25"><span class='ocrx_word' id='word_1_63' title='bbox 156 1062 490 1126; x_wconf 89' lang='lat' dir='ltr'><strong>dicularis</strong></span> <span class='ocrx_word' id='word_1_64' title='bbox 524 1061 707 1123; x_wconf 88' lang='lat' dir='ltr'><strong>inter</strong></span> <span class='ocrx_word' id='word_1_65' title='bbox 735 1064 1109 1126; x_wconf 87' lang='lat' dir='ltr'><strong>terminum</strong></span> <span class='ocrx_word' id='word_1_66' title='bbox 1137 1066 1304 1149; x_wconf 85' lang='lat' dir='ltr'><strong>Fagi</strong></span> <span class='ocrx_word' id='word_1_67' title='bbox 1333 1074 1398 1127; x_wconf 88' lang='lat' dir='ltr'><strong>et</strong></span> <span class='ocrx_word' id='word_1_68' title='bbox 1421 1066 1680 1128; x_wconf 87' lang='lat' dir='ltr'><strong>Abietis</strong></span> <span class='ocrx_word' id='word_1_69' title='bbox 1709 1067 1782 1127; x_wconf 89' lang='lat' dir='ltr'><strong>in</strong></span> <span class='ocrx_word' id='word_1_70' title='bbox 1811 1069 2185 1131; x_wconf 85' lang='lat' dir='ltr'><strong>Germania</strong></span> 
     </span>
     <span class='ocr_line' id='line_1_11' title="bbox 153 1142 1986 1233; baseline 0.003 -28"><span class='ocrx_word' id='word_1_71' title='bbox 153 1142 687 1226; x_wconf 72' lang='lat' dir='ltr'><strong>septentrionali</strong></span> <span class='ocrx_word' id='word_1_72' title='bbox 724 1143 842 1210; x_wconf 75' lang='lat' dir='ltr'><strong>vix</strong></span> <span class='ocrx_word' id='word_1_73' title='bbox 889 1147 1043 1208; x_wconf 78' lang='lat'>1500</span> <span class='ocrx_word' id='word_1_74' title='bbox 1083 1150 1290 1229; x_wconf 89' lang='lat' dir='ltr'><strong>pedes</strong></span> <span class='ocrx_word' id='word_1_75' title='bbox 1329 1166 1654 1233; x_wconf 89' lang='lat' dir='ltr'><strong>superare</strong></span> <span class='ocrx_word' id='word_1_76' title='bbox 1692 1148 1986 1210; x_wconf 88' lang='lat' dir='ltr'><strong>videtur.</strong></span> 
     </span>
    </p>
   </div>
   <div class='ocr_carea' id='block_1_3' title="bbox 154 1293 2185 2334">
    <p class='ocr_par' dir='ltr' id='par_1_3' title="bbox 154 1293 2185 2334">
     <span class='ocr_line' id='line_1_12' title="bbox 232 1293 2183 1381; baseline 0.004 -22"><span class='ocrx_word' id='word_1_77' title='bbox 232 1293 299 1378; x_wconf 72' lang='grc' dir='ltr'><strong>ς.</strong></span> <span class='ocrx_word' id='word_1_78' title='bbox 348 1316 483 1358; x_wconf 79' lang='grc' dir='ltr'><strong>ιοο.</strong></span> <span class='ocrx_word' id='word_1_79' title='bbox 541 1299 748 1381; x_wconf 74' lang='lat' dir='ltr'><strong>Quod</strong></span> <span class='ocrx_word' id='word_1_80' title='bbox 787 1308 1016 1362; x_wconf 87' lang='lat' dir='ltr'><strong>autem</strong></span> <span class='ocrx_word' id='word_1_81' title='bbox 1055 1301 1260 1365; x_wconf 85' lang='lat' dir='ltr'><strong>Abies</strong></span> <span class='ocrx_word' id='word_1_82' title='bbox 1301 1301 1377 1364; x_wconf 91' lang='lat' dir='ltr'><strong>in</strong></span> <span class='ocrx_word' id='word_1_83' title='bbox 1417 1299 1558 1365; x_wconf 88' lang='lat' dir='ltr'><strong>oris</strong></span> <span class='ocrx_word' id='word_1_84' title='bbox 1608 1301 1968 1367; x_wconf 85' lang='lat' dir='ltr'><strong>maritimis</strong></span> <span class='ocrx_word' id='word_1_85' title='bbox 2008 1308 2183 1367; x_wconf 88' lang='lat' dir='ltr'><strong>Nor-</strong></span> 
     </span>
     <span class='ocr_line' id='line_1_13' title="bbox 154 1377 2182 1465; baseline 0.004 -26"><span class='ocrx_word' id='word_1_86' title='bbox 154 1377 378 1461; x_wconf 81' lang='lat' dir='ltr'><strong>vegiae</strong></span> <span class='ocrx_word' id='word_1_87' title='bbox 424 1397 619 1457; x_wconf 80' lang='lat' dir='ltr'><strong>aeque</strong></span> <span class='ocrx_word' id='word_1_88' title='bbox 665 1399 743 1441; x_wconf 88' lang='lat' dir='ltr'><strong>ac</strong></span> <span class='ocrx_word' id='word_1_89' title='bbox 791 1379 866 1441; x_wconf 92' lang='lat' dir='ltr'><strong>in</strong></span> <span class='ocrx_word' id='word_1_90' title='bbox 916 1384 1170 1465; x_wconf 86' lang='lat' dir='ltr'><strong>Anglia</strong></span> <span class='ocrx_word' id='word_1_91' title='bbox 1215 1382 1427 1456; x_wconf 87' lang='lat' dir='ltr'><strong>absit,</strong></span> <span class='ocrx_word' id='word_1_92' title='bbox 1471 1401 1574 1443; x_wconf 92' lang='lat' dir='ltr'><strong>res</strong></span> <span class='ocrx_word' id='word_1_93' title='bbox 1625 1393 1721 1444; x_wconf 88' lang='lat' dir='ltr'><strong>est</strong></span> <span class='ocrx_word' id='word_1_94' title='bbox 1769 1381 2182 1448; x_wconf 83' lang='lat' dir='ltr'><strong>difficillima</strong></span> 
     </span>
     <span class='ocr_line' id='line_1_14' title="bbox 154 1457 2185 1543; baseline 0.004 -24"><span class='ocrx_word' id='word_1_95' title='bbox 154 1457 536 1541; x_wconf 85' lang='lat' dir='ltr'><strong>explicatu;</strong></span> <span class='ocrx_word' id='word_1_96' title='bbox 581 1480 750 1519; x_wconf 88' lang='lat' dir='ltr'><strong>num</strong></span> <span class='ocrx_word' id='word_1_97' title='bbox 797 1461 970 1521; x_wconf 83' lang='lat' dir='ltr'><strong>sorte</strong></span> <span class='ocrx_word' id='word_1_98' title='bbox 1003 1461 1211 1538; x_wconf 90' lang='lat' dir='ltr'><strong>hujus</strong></span> <span class='ocrx_word' id='word_1_99' title='bbox 1254 1462 1694 1543; x_wconf 83' lang='lat' dir='ltr'><strong>phaenomeni</strong></span> <span class='ocrx_word' id='word_1_100' title='bbox 1728 1483 1929 1526; x_wconf 88' lang='lat' dir='ltr'><strong>causa</strong></span> <span class='ocrx_word' id='word_1_101' title='bbox 1963 1465 2041 1528; x_wconf 91' lang='lat' dir='ltr'><strong>in</strong></span> <span class='ocrx_word' id='word_1_102' title='bbox 2074 1467 2185 1527; x_wconf 81' lang='lat' dir='ltr'><strong>&#39;ca-</strong></span> 
     </span>
     <span class='ocr_line' id='line_1_15' title="bbox 155 1537 2184 1623; baseline 0.003 -20"><span class='ocrx_word' id='word_1_103' title='bbox 155 1539 310 1604; x_wconf 79' lang='lat' dir='ltr'><strong>lore</strong></span> <span class='ocrx_word' id='word_1_104' title='bbox 337 1537 551 1600; x_wconf 89' lang='lat' dir='ltr'><strong>solari</strong></span> <span class='ocrx_word' id='word_1_105' title='bbox 581 1538 837 1602; x_wconf 88' lang='lat' dir='ltr'><strong>directo</strong></span> <span class='ocrx_word' id='word_1_106' title='bbox 868 1540 1227 1604; x_wconf 88' lang='lat' dir='ltr'><strong>subitaneo</strong></span> <span class='ocrx_word' id='word_1_107' title='bbox 1257 1544 1626 1623; x_wconf 75' lang='lat' dir='ltr'><strong>quaerenda</strong></span> <span class='ocrx_word' id='word_1_108' title='bbox 1651 1546 1791 1605; x_wconf 79' lang='lat' dir='ltr'><strong>est?</strong></span> <span class='ocrx_word' id='word_1_109' title='bbox 1831 1546 2043 1608; x_wconf 84' lang='lat' dir='ltr'><strong>AEstas</strong></span> <span class='ocrx_word' id='word_1_110' title='bbox 2077 1546 2184 1609; x_wconf 83' lang='lat' dir='ltr'><strong>ibi</strong></span> 
     </span>
     <span class='ocr_line' id='line_1_16' title="bbox 155 1618 2183 1716; baseline 0.004 -38"><span class='ocrx_word' id='word_1_111' title='bbox 155 1618 451 1698; x_wconf 87' lang='lat' dir='ltr'><strong>quidem</strong></span> <span class='ocrx_word' id='word_1_112' title='bbox 484 1620 672 1679; x_wconf 89' lang='lat' dir='ltr'><strong>haud</strong></span> <span class='ocrx_word' id='word_1_113' title='bbox 706 1620 933 1683; x_wconf 86' lang='lat' dir='ltr'><strong>brevis</strong></span> <span class='ocrx_word' id='word_1_114' title='bbox 966 1631 1084 1716; x_wconf 80' lang='lat' dir='ltr'><strong>est²</strong></span> <span class='ocrx_word' id='word_1_115' title='bbox 1128 1625 1247 1684; x_wconf 88' lang='lat' dir='ltr'><strong>sed</strong></span> <span class='ocrx_word' id='word_1_116' title='bbox 1291 1632 1745 1703; x_wconf 82' lang='lat' dir='ltr'><strong>temperatura</strong></span> <span class='ocrx_word' id='word_1_117' title='bbox 1784 1626 2014 1686; x_wconf 83' lang='lat' dir='ltr'><strong>subito</strong></span> <span class='ocrx_word' id='word_1_118' title='bbox 2057 1629 2183 1687; x_wconf 89' lang='lat' dir='ltr'><strong>ad·-</strong></span> 
     </span>
     <span class='ocr_line' id='line_1_17' title="bbox 156 1698 2183 1774; baseline 0.003 -13"><span class='ocrx_word' id='word_1_119' title='bbox 156 1698 452 1761; x_wconf 86' lang='lat' dir='ltr'><strong>modum</strong></span> <span class='ocrx_word' id='word_1_120' title='bbox 486 1705 819 1774; x_wconf 79' lang='lat' dir='ltr'><strong>mutatur3</strong></span> <span class='ocrx_word' id='word_1_121' title='bbox 860 1710 926 1761; x_wconf 90' lang='lat' dir='ltr'><strong>et</strong></span> <span class='ocrx_word' id='word_1_122' title='bbox 950 1700 1248 1764; x_wconf 79' lang='lat' dir='ltr'><strong>victssim</strong></span> <span class='ocrx_word' id='word_1_123' title='bbox 1278 1703 1467 1764; x_wconf 86' lang='lat' dir='ltr'><strong>calor</strong></span> <span class='ocrx_word' id='word_1_124' title='bbox 1497 1702 1740 1765; x_wconf 87' lang='lat' dir='ltr'><strong>solaris</strong></span> <span class='ocrx_word' id='word_1_125' title='bbox 1768 1702 2078 1772; x_wconf 85' lang='lat' dir='ltr'><strong>intensus</strong></span> <span class='ocrx_word' id='word_1_126' title='bbox 2114 1716 2183 1768; x_wconf 85' lang='lat' dir='ltr'><strong>et</strong></span> 
     </span>
     <span class='ocr_line' id='line_1_18' title="bbox 155 1775 2182 1878; baseline 0.004 -38"><span class='ocrx_word' id='word_1_127' title='bbox 155 1775 439 1862; x_wconf 70' lang='lat' dir='ltr'><strong>nebulae</strong></span> <span class='ocrx_word' id='word_1_128' title='bbox 487 1777 953 1873; x_wconf 71' lang='lat' dir='ltr'><strong>frigidissimae</strong></span> <span class='ocrx_word' id='word_1_129' title='bbox 991 1780 1096 1842; x_wconf 90' lang='lat' dir='ltr'><strong>ibi</strong></span> <span class='ocrx_word' id='word_1_130' title='bbox 1138 1792 1429 1865; x_wconf 86' lang='lat' dir='ltr'><strong>regnant</strong></span> <span class='ocrx_word' id='word_1_131' title='bbox 1472 1802 1598 1878; x_wconf 81' lang='lat' dir='ltr'><strong>per</strong></span> <span class='ocrx_word' id='word_1_132' title='bbox 1637 1784 1870 1865; x_wconf 90' lang='lat' dir='ltr'><strong>plures</strong></span> <span class='ocrx_word' id='word_1_133' title='bbox 1915 1786 2182 1847; x_wconf 87' lang='lat' dir='ltr'><strong>hebdo-</strong></span> 
     </span>
     <span class='ocr_line' id='line_1_19' title="bbox 156 1860 2181 1927; baseline 0.003 -6"><span class='ocrx_word' id='word_1_134' title='bbox 156 1860 418 1921; x_wconf 86' lang='lat' dir='ltr'><strong>mades.</strong></span> <span class='ocrx_word' id='word_1_135' title='bbox 503 1860 727 1922; x_wconf 83' lang='lat' dir='ltr'><strong>Chma</strong></span> <span class='ocrx_word' id='word_1_136' title='bbox 781 1860 1206 1924; x_wconf 85' lang='lat' dir='ltr'><strong>maritimum</strong></span> <span class='ocrx_word' id='word_1_137' title='bbox 1256 1863 1333 1925; x_wconf 88' lang='lat' dir='ltr'><strong>in</strong></span> <span class='ocrx_word' id='word_1_138' title='bbox 1374 1862 1737 1925; x_wconf 76' lang='lat' dir='ltr'><strong>altioribus</strong></span> <span class='ocrx_word' id='word_1_139' title='bbox 1791 1864 1960 1926; x_wconf 90' lang='lat' dir='ltr'><strong>locis</strong></span> <span class='ocrx_word' id='word_1_140' title='bbox 2016 1866 2181 1927; x_wconf 87' lang='lat' dir='ltr'><strong>satis</strong></span> 
     </span>
     <span class='ocr_line' id='line_1_20' title="bbox 158 1936 2183 2029; baseline 0.003 -28"><span class='ocrx_word' id='word_1_141' title='bbox 158 1936 535 2001; x_wconf 83' lang='lat' dir='ltr'><strong>convenire</strong></span> <span class='ocrx_word' id='word_1_142' title='bbox 568 1959 726 2002; x_wconf 91' lang='lat' dir='ltr'><strong>cum</strong></span> <span class='ocrx_word' id='word_1_143' title='bbox 755 1939 1025 2004; x_wconf 88' lang='lat' dir='ltr'><strong>climate</strong></span> <span class='ocrx_word' id='word_1_144' title='bbox 1056 1942 1323 2029; x_wconf 85' lang='lat' dir='ltr'><strong>alpium</strong></span> <span class='ocrx_word' id='word_1_145' title='bbox 1342 1940 1847 2005; x_wconf 83' lang='lat' dir='ltr'><strong>Helveticarum</strong></span> <span class='ocrx_word' id='word_1_146' title='bbox 1866 1987 1885 2023; x_wconf 85' lang='lat'>‚</span> <span class='ocrx_word' id='word_1_147' title='bbox 1912 1945 2022 2007; x_wconf 79' lang='lat' dir='ltr'><strong>vel</strong></span> <span class='ocrx_word' id='word_1_148' title='bbox 2064 1965 2183 2007; x_wconf 85' lang='lat' dir='ltr'><strong>ex·-</strong></span> 
     </span>
     <span class='ocr_line' id='line_1_21' title="bbox 158 2017 2181 2101; baseline 0.004 -21"><span class='ocrx_word' id='word_1_149' title='bbox 158 2017 332 2081; x_wconf 81' lang='lat' dir='ltr'><strong>inde</strong></span> <span class='ocrx_word' id='word_1_150' title='bbox 372 2019 657 2100; x_wconf 86' lang='lat' dir='ltr'><strong>probari</strong></span> <span class='ocrx_word' id='word_1_151' title='bbox 693 2029 945 2101; x_wconf 85' lang='lat' dir='ltr'><strong>potest,</strong></span> <span class='ocrx_word' id='word_1_152' title='bbox 988 2025 1177 2101; x_wconf 89' lang='lat' dir='ltr'><strong>quod</strong></span> <span class='ocrx_word' id='word_1_153' title='bbox 1224 2022 1560 2086; x_wconf 79' lang='lat' dir='ltr'><strong>Cherleria</strong></span> <span class='ocrx_word' id='word_1_154' title='bbox 1601 2022 1940 2100; x_wconf 74' lang='lat' dir='ltr'><strong>sedvides,</strong></span> <span class='ocrx_word' id='word_1_155' title='bbox 1986 2026 2181 2089; x_wconf 83' lang='lat' dir='ltr'><strong>Cera-</strong></span> 
     </span>
     <span class='ocr_line' id='line_1_22' title="bbox 158 2092 2182 2188; baseline 0.004 -27"><span class='ocrx_word' id='word_1_156' title='bbox 158 2100 372 2161; x_wconf 71' lang='lat' dir='ltr'><strong>stium</strong></span> <span class='ocrx_word' id='word_1_157' title='bbox 412 2098 802 2179; x_wconf 69' lang='grc' dir='ltr'><strong>ῖαιιΥοΙίιινη</strong></span> <span class='ocrx_word' id='word_1_158' title='bbox 828 2110 893 2162; x_wconf 91' lang='lat' dir='ltr'><strong>et</strong></span> <span class='ocrx_word' id='word_1_159' title='bbox 918 2103 1092 2164; x_wconf 83' lang='lat' dir='ltr'><strong>Seda</strong></span> <span class='ocrx_word' id='word_1_160' title='bbox 1119 2104 1462 2165; x_wconf 85' lang='lat' dir='ltr'><strong>nonnulla</strong></span> <span class='ocrx_word' id='word_1_161' title='bbox 1496 2103 1572 2165; x_wconf 90' lang='lat' dir='ltr'><strong>in</strong></span> <span class='ocrx_word' id='word_1_162' title='bbox 1605 2092 1871 2188; x_wconf 68' lang='lat' dir='ltr'>Angfiae</span> <span class='ocrx_word' id='word_1_163' title='bbox 1906 2106 2182 2187; x_wconf 89' lang='lat' dir='ltr'><strong>alpibus</strong></span> 
     </span>
     <span class='ocr_line' id='line_1_23' title="bbox 163 2179 2184 2274; baseline 0.006 -36"><span class='ocrx_word' id='word_1_164' title='bbox 163 2179 426 2261; x_wconf 88' lang='lat' dir='ltr'><strong>optime</strong></span> <span class='ocrx_word' id='word_1_165' title='bbox 476 2190 817 2262; x_wconf 84' lang='lat' dir='ltr'><strong>crescunt,</strong></span> <span class='ocrx_word' id='word_1_166' title='bbox 859 2200 1011 2269; x_wconf 79' lang='lat' dir='ltr'><strong>quae</strong></span> <span class='ocrx_word' id='word_1_167' title='bbox 1051 2182 1130 2252; x_wconf 83' lang='lat' dir='ltr'><strong>in</strong></span> <span class='ocrx_word' id='word_1_168' title='bbox 1170 2182 1528 2274; x_wconf 82' lang='lat' dir='ltr'><strong>Lapponia</strong></span> <span class='ocrx_word' id='word_1_169' title='bbox 1575 2185 1863 2247; x_wconf 88' lang='lat' dir='ltr'><strong>omnino</strong></span> <span class='ocrx_word' id='word_1_170' title='bbox 1914 2186 2184 2251; x_wconf 85' lang='lat' dir='ltr'><strong>deside-</strong></span> 
     </span>
     <span class='ocr_line' id='line_1_24' title="bbox 160 2267 2058 2334; baseline 0.003 -11"><span class='ocrx_word' id='word_1_171' title='bbox 160 2269 432 2334; x_wconf 77' lang='lat' dir='ltr'><strong>rantur.</strong></span> <span class='ocrx_word' id='word_1_172' title='bbox 1826 2299 1835 2304; x_wconf 90' lang='lat'>-</span> <span class='ocrx_word' id='word_1_173' title='bbox 2043 2267 2058 2285; x_wconf 87' lang='lat'><strong><em>‘</em></strong></span> 
     </span>
    </p>
   </div>
   <div class='ocr_carea' id='block_1_4' title="bbox 998 2368 1358 2459">
    <p class='ocr_par' dir='ltr' id='par_1_4' title="bbox 998 2368 1358 2459">
     <span class='ocr_line' id='line_1_25' title="bbox 998 2368 1358 2459; baseline -0.003 0"><span class='ocrx_word' id='word_1_174' title='bbox 998 2368 1358 2459; x_wconf 78' lang='lat' dir='ltr'><strong>Meteora</strong></span> 
     </span>
    </p>
   </div>
   <div class='ocr_carea' id='block_1_5' title="bbox 159 2501 2219 3213">
    <p class='ocr_par' dir='ltr' id='par_1_5' title="bbox 159 2501 2219 3213">
     <span class='ocr_line' id='line_1_26' title="bbox 159 2501 2187 2588; baseline 0.001 -21"><span class='ocrx_word' id='word_1_175' title='bbox 159 2503 429 2568; x_wconf 75' lang='lat' dir='ltr'><strong>scilicet</strong></span> <span class='ocrx_word' id='word_1_176' title='bbox 447 2504 726 2588; x_wconf 80' lang='lat' dir='ltr'><strong>pluvias</strong></span> <span class='ocrx_word' id='word_1_177' title='bbox 757 2501 845 2569; x_wconf 86' lang='lat' dir='ltr'><strong>fri</strong></span> <span class='ocrx_word' id='word_1_178' title='bbox 927 2506 1052 2568; x_wconf 35' lang='lat' dir='ltr'><strong>das*</strong></span> <span class='ocrx_word' id='word_1_179' title='bbox 1091 2515 1157 2567; x_wconf 89' lang='lat' dir='ltr'><strong>et</strong></span> <span class='ocrx_word' id='word_1_180' title='bbox 1191 2505 1384 2570; x_wconf 83' lang='lat' dir='ltr'><strong>nives</strong></span> <span class='ocrx_word' id='word_1_181' title='bbox 1420 2512 1645 2570; x_wconf 76' lang='lat' dir='ltr'><strong>aestate</strong></span> <span class='ocrx_word' id='word_1_182' title='bbox 1680 2508 1997 2569; x_wconf 81' lang='lat' dir='ltr'><strong>cadentes</strong></span> <span class='ocrx_word' id='word_1_183' title='bbox 2037 2507 2187 2570; x_wconf 88' lang='lat' dir='ltr'><strong>sin-</strong></span> 
     </span>
     <span class='ocr_line' id='line_1_27' title="bbox 264 2586 2187 2668; baseline 0.001 -21"><span class='ocrx_word' id='word_1_184' title='bbox 264 2588 483 2648; x_wconf 87' lang='lat' dir='ltr'><strong>larem</strong></span> <span class='ocrx_word' id='word_1_185' title='bbox 520 2587 770 2649; x_wconf 87' lang='lat' dir='ltr'><strong>habere</strong></span> <span class='ocrx_word' id='word_1_186' title='bbox 805 2608 841 2649; x_wconf 93' lang='lat' dir='ltr'><strong>e</strong></span> <span class='ocrx_word' id='word_1_187' title='bbox 899 2598 1117 2649; x_wconf 87' lang='lat' dir='ltr'><strong>ectum</strong></span> <span class='ocrx_word' id='word_1_188' title='bbox 1148 2586 1224 2648; x_wconf 90' lang='lat' dir='ltr'><strong>in</strong></span> <span class='ocrx_word' id='word_1_189' title='bbox 1257 2588 1556 2668; x_wconf 86' lang='lat' dir='ltr'><strong>plantas,</strong></span> <span class='ocrx_word' id='word_1_190' title='bbox 1598 2589 1873 2649; x_wconf 89' lang='lat' dir='ltr'><strong>nullum</strong></span> <span class='ocrx_word' id='word_1_191' title='bbox 1913 2598 2012 2649; x_wconf 88' lang='lat' dir='ltr'><strong>est</strong></span> <span class='ocrx_word' id='word_1_192' title='bbox 2056 2590 2187 2649; x_wconf 55' lang='lat' dir='ltr'><strong>dua·</strong></span> 
     </span>
     <span class='ocr_line' id='line_1_28' title="bbox 217 2666 2219 2749; baseline 0.001 -22"><span class='ocrx_word' id='word_1_193' title='bbox 217 2668 389 2727; x_wconf 88' lang='lat' dir='ltr'><strong>ium.</strong></span> <span class='ocrx_word' id='word_1_194' title='bbox 433 2669 560 2728; x_wconf 91' lang='lat' dir='ltr'><strong>Per</strong></span> <span class='ocrx_word' id='word_1_195' title='bbox 588 2671 813 2729; x_wconf 67' lang='lat' dir='ltr'><strong>aerem</strong></span> <span class='ocrx_word' id='word_1_196' title='bbox 841 2670 978 2732; x_wconf 89' lang='lat' dir='ltr'><strong>cito</strong></span> <span class='ocrx_word' id='word_1_197' title='bbox 1007 2676 1390 2746; x_wconf 86' lang='lat' dir='ltr'><strong>transeunt,</strong></span> <span class='ocrx_word' id='word_1_198' title='bbox 1430 2670 1552 2729; x_wconf 88' lang='lat' dir='ltr'><strong>sed</strong></span> <span class='ocrx_word' id='word_1_199' title='bbox 1585 2666 1661 2727; x_wconf 91' lang='lat' dir='ltr'><strong>in</strong></span> <span class='ocrx_word' id='word_1_200' title='bbox 1690 2666 1945 2749; x_wconf 87' lang='lat' dir='ltr'><strong>plantis</strong></span> <span class='ocrx_word' id='word_1_201' title='bbox 1974 2674 2187 2747; x_wconf 59' lang='lat' dir='ltr'><strong>terra-7</strong></span> <span class='ocrx_word' id='word_1_202' title='bbox 2216 2740 2219 2741; x_wconf 15' lang='lat'><em>⁷</em></span> 
     </span>
     <span class='ocr_line' id='line_1_29' title="bbox 162 2745 2188 2828; baseline 0.001 -20"><span class='ocrx_word' id='word_1_203' title='bbox 162 2767 306 2826; x_wconf 87' lang='lat' dir='ltr'><strong>que</strong></span> <span class='ocrx_word' id='word_1_204' title='bbox 351 2748 794 2828; x_wconf 85' lang='lat' dir='ltr'><strong>deponuntur</strong></span> <span class='ocrx_word' id='word_1_205' title='bbox 833 2760 901 2811; x_wconf 88' lang='lat' dir='ltr'><strong>et</strong></span> <span class='ocrx_word' id='word_1_206' title='bbox 944 2746 1087 2808; x_wconf 83' lang='lat' dir='ltr'><strong>vim</strong></span> <span class='ocrx_word' id='word_1_207' title='bbox 1130 2746 1531 2808; x_wconf 85' lang='lat' dir='ltr'><strong>diuturnam</strong></span> <span class='ocrx_word' id='word_1_208' title='bbox 1571 2760 1912 2823; x_wconf 79' lang='lat' dir='ltr'><strong>exercent3</strong></span> <span class='ocrx_word' id='word_1_209' title='bbox 1954 2745 2188 2826; x_wconf 83' lang='lat' dir='ltr'><strong>itaque</strong></span> 
     </span>
     <span class='ocr_line' id='line_1_30' title="bbox 162 2825 2186 2908; baseline -0.001 -15"><span class='ocrx_word' id='word_1_210' title='bbox 162 2833 395 2893; x_wconf 71' lang='lat' dir='ltr'><strong>a‘e&#39;rem</strong></span> <span class='ocrx_word' id='word_1_211' title='bbox 440 2830 655 2889; x_wconf 85' lang='lat' dir='ltr'><strong>multo</strong></span> <span class='ocrx_word' id='word_1_212' title='bbox 695 2829 927 2891; x_wconf 87' lang='lat' dir='ltr'><strong>minus</strong></span> <span class='ocrx_word' id='word_1_213' title='bbox 972 2825 1382 2908; x_wconf 81' lang='lat' dir='ltr'><strong>refrigerant</strong></span> <span class='ocrx_word' id='word_1_214' title='bbox 1424 2845 1630 2906; x_wconf 87' lang='lat' dir='ltr'><strong>quam</strong></span> <span class='ocrx_word' id='word_1_215' title='bbox 1679 2825 1859 2906; x_wconf 88' lang='lat' dir='ltr'><strong>ipsas</strong></span> <span class='ocrx_word' id='word_1_216' title='bbox 1898 2826 2186 2906; x_wconf 78' lang='lat' dir='ltr'><strong>plantas.</strong></span> 
     </span>
     <span class='ocr_line' id='line_1_31' title="bbox 165 2906 2191 2989; baseline 0 -20"><span class='ocrx_word' id='word_1_217' title='bbox 165 2909 327 2969; x_wconf 86' lang='lat' dir='ltr'><strong>Non</strong></span> <span class='ocrx_word' id='word_1_218' title='bbox 365 2906 575 2968; x_wconf 86' lang='lat' dir='ltr'><strong>fuerit</strong></span> <span class='ocrx_word' id='word_1_219' title='bbox 608 2909 839 2989; x_wconf 88' lang='lat' dir='ltr'><strong>itaque</strong></span> <span class='ocrx_word' id='word_1_220' title='bbox 874 2929 915 2970; x_wconf 90' lang='lat' dir='ltr'><strong>a</strong></span> <span class='ocrx_word' id='word_1_221' title='bbox 953 2925 1029 2967; x_wconf 86' lang='lat' dir='ltr'><strong>re</strong></span> <span class='ocrx_word' id='word_1_222' title='bbox 1061 2925 1140 2966; x_wconf 90' lang='lat' dir='ltr'><strong>ea</strong></span> <span class='ocrx_word' id='word_1_223' title='bbox 1180 2906 1616 2967; x_wconf 88' lang='lat' dir='ltr'><strong>considerare</strong></span> <span class='ocrx_word' id='word_1_224' title='bbox 1649 2915 1984 2986; x_wconf 86' lang='lat' dir='ltr'><strong>quatenus</strong></span> <span class='ocrx_word' id='word_1_225' title='bbox 2025 2915 2191 2969; x_wconf 86' lang='lat' dir='ltr'><strong>tem-</strong></span> 
     </span>
     <span class='ocr_line' id='line_1_32' title="bbox 163 2983 2188 3081; baseline -0 -32"><span class='ocrx_word' id='word_1_226' title='bbox 163 2998 563 3071; x_wconf 85' lang='lat' dir='ltr'><strong>peraturam</strong></span> <span class='ocrx_word' id='word_1_227' title='bbox 598 2989 673 3049; x_wconf 89' lang='lat' dir='ltr'><strong>in</strong></span> <span class='ocrx_word' id='word_1_228' title='bbox 716 2990 982 3081; x_wconf 83' lang='lat' dir='ltr'><strong>plantas</strong></span> <span class='ocrx_word' id='word_1_229' title='bbox 1005 2983 1357 3048; x_wconf 59' lang='lat' dir='ltr'><strong>*efficacem</strong></span> <span class='ocrx_word' id='word_1_230' title='bbox 1391 2983 1688 3053; x_wconf 84' lang='lat' dir='ltr'><strong>efficiant</strong></span> <span class='ocrx_word' id='word_1_231' title='bbox 1724 2984 2057 3046; x_wconf 82' lang='lat' dir='ltr'><strong>diversam</strong></span> <span class='ocrx_word' id='word_1_232' title='bbox 2101 2989 2188 3048; x_wconf 82' lang='lat' dir='ltr'><strong>ab</strong></span> 
     </span>
     <span class='ocr_line' id='line_1_33' title="bbox 162 3065 2187 3209; baseline 0.002 -79"><span class='ocrx_word' id='word_1_233' title='bbox 162 3089 244 3130; x_wconf 86' lang='lat' dir='ltr'><strong>ea</strong></span> <span class='ocrx_word' id='word_1_234' title='bbox 263 3112 284 3146; x_wconf 88' lang='lat'>‚</span> <span class='ocrx_word' id='word_1_235' title='bbox 325 3088 533 3209; x_wconf 50' lang='lat' dir='ltr'><strong>qpam</strong></span> <span class='ocrx_word' id='word_1_236' title='bbox 561 3078 944 3139; x_wconf 83' lang='lat' dir='ltr'><strong>monstrant</strong></span> <span class='ocrx_word' id='word_1_237' title='bbox 976 3066 1481 3138; x_wconf 79' lang='lat' dir='ltr'><strong>observationes</strong></span> <span class='ocrx_word' id='word_1_238' title='bbox 1511 3065 2073 3133; x_wconf 81' lang='lat' dir='ltr'><strong>thermometricae</strong></span> <span class='ocrx_word' id='word_1_239' title='bbox 2109 3067 2187 3134; x_wconf 79' lang='lat' dir='ltr'><strong>in</strong></span> 
     </span>
     <span class='ocr_line' id='line_1_34' title="bbox 167 3153 585 3213; baseline 0 -2"><span class='ocrx_word' id='word_1_240' title='bbox 167 3153 330 3211; x_wconf 71' lang='lat' dir='ltr'><strong>aete</strong></span> <span class='ocrx_word' id='word_1_241' title='bbox 402 3158 585 3213; x_wconf 82' lang='lat' dir='ltr'><strong>actae.</strong></span> 
     </span>
    </p>
   </div>
   <div class='ocr_carea' id='block_1_6' title="bbox 155 3297 2199 4032">
    <p class='ocr_par' dir='ltr' id='par_1_6' title="bbox 155 3297 2199 3870">
     <span class='ocr_line' id='line_1_35' title="bbox 243 3297 2193 3399; baseline -0.001 -34"><span class='ocrx_word' id='word_1_242' title='bbox 243 3300 310 3399; x_wconf 61' lang='lat' dir='ltr'><strong>S.</strong></span> <span class='ocrx_word' id='word_1_243' title='bbox 358 3324 493 3373; x_wconf 71' lang='lat'><strong>101.</strong></span> <span class='ocrx_word' id='word_1_244' title='bbox 546 3304 626 3366; x_wconf 87' lang='lat' dir='ltr'><strong>In</strong></span> <span class='ocrx_word' id='word_1_245' title='bbox 673 3302 947 3384; x_wconf 76' lang='lat' dir='ltr'><strong>alpibns</strong></span> <span class='ocrx_word' id='word_1_246' title='bbox 999 3303 1416 3386; x_wconf 74' lang='lat' dir='ltr'><strong>Lapponicis</strong></span> <span class='ocrx_word' id='word_1_247' title='bbox 1468 3299 1724 3386; x_wconf 73' lang='lat' dir='ltr'><strong>pluviae</strong></span> <span class='ocrx_word' id='word_1_248' title='bbox 1776 3297 2072 3362; x_wconf 82' lang='lat' dir='ltr'><strong>rariores</strong></span> <span class='ocrx_word' id='word_1_249' title='bbox 2120 3310 2193 3364; x_wconf 79' lang='lat' dir='ltr'><strong>et</strong></span> 
     </span>
     <span class='ocr_line' id='line_1_36' title="bbox 162 3382 2194 3467; baseline -0.003 -19"><span class='ocrx_word' id='word_1_250' title='bbox 162 3385 477 3448; x_wconf 78' lang='lat' dir='ltr'><strong>mitiores</strong></span> <span class='ocrx_word' id='word_1_251' title='bbox 511 3388 765 3447; x_wconf 89' lang='lat' dir='ltr'><strong>cadunt</strong></span> <span class='ocrx_word' id='word_1_252' title='bbox 796 3395 1101 3467; x_wconf 90' lang='lat' dir='ltr'><strong>tempore</strong></span> <span class='ocrx_word' id='word_1_253' title='bbox 1134 3386 1402 3462; x_wconf 84' lang='lat' dir='ltr'><strong>aestiv0‚</strong></span> <span class='ocrx_word' id='word_1_254' title='bbox 1443 3404 1571 3446; x_wconf 87' lang='lat' dir='ltr'><strong>nec</strong></span> <span class='ocrx_word' id='word_1_255' title='bbox 1602 3382 1705 3444; x_wconf 83' lang='lat' dir='ltr'><strong>ibi</strong></span> <span class='ocrx_word' id='word_1_256' title='bbox 1740 3402 2047 3462; x_wconf 87' lang='lat' dir='ltr'><strong>unquam</strong></span> <span class='ocrx_word' id='word_1_257' title='bbox 2086 3382 2194 3443; x_wconf 85' lang='lat' dir='ltr'><strong>ni-</strong></span> 
     </span>
     <span class='ocr_line' id='line_1_37' title="bbox 155 3462 2193 3546; baseline -0.002 -18"><span class='ocrx_word' id='word_1_258' title='bbox 155 3486 321 3528; x_wconf 69' lang='lat' dir='ltr'><strong>vem</strong></span> <span class='ocrx_word' id='word_1_259' title='bbox 374 3465 726 3528; x_wconf 85' lang='lat' dir='ltr'><strong>cadentem</strong></span> <span class='ocrx_word' id='word_1_260' title='bbox 769 3465 938 3529; x_wconf 84' lang='lat' dir='ltr'><strong>vidi.</strong></span> <span class='ocrx_word' id='word_1_261' title='bbox 1017 3468 1168 3529; x_wconf 93' lang='lat' dir='ltr'><strong>Hoc</strong></span> <span class='ocrx_word' id='word_1_262' title='bbox 1215 3465 1497 3546; x_wconf 88' lang='lat' dir='ltr'><strong>quidem</strong></span> <span class='ocrx_word' id='word_1_263' title='bbox 1543 3463 1746 3525; x_wconf 84' lang='lat' dir='ltr'><strong>facile</strong></span> <span class='ocrx_word' id='word_1_264' title='bbox 1792 3462 2193 3525; x_wconf 82' lang='lat' dir='ltr'><strong>conceditur</strong></span> 
     </span>
     <span class='ocr_line' id='line_1_38' title="bbox 162 3540 2195 3627; baseline -0.001 -19"><span class='ocrx_word' id='word_1_265' title='bbox 162 3567 325 3608; x_wconf 89' lang='lat' dir='ltr'><strong>cum</strong></span> <span class='ocrx_word' id='word_1_266' title='bbox 383 3544 959 3625; x_wconf 84' lang='lat' dir='ltr'><strong>intellexerimus,</strong></span> <span class='ocrx_word' id='word_1_267' title='bbox 1000 3547 1525 3627; x_wconf 85' lang='lat' dir='ltr'><strong>atmosphaeram</strong></span> <span class='ocrx_word' id='word_1_268' title='bbox 1570 3543 1677 3606; x_wconf 87' lang='lat' dir='ltr'><strong>ibi</strong></span> <span class='ocrx_word' id='word_1_269' title='bbox 1721 3540 2078 3606; x_wconf 86' lang='lat' dir='ltr'><strong>sicciorem</strong></span> <span class='ocrx_word' id='word_1_270' title='bbox 2125 3553 2195 3606; x_wconf 89' lang='lat' dir='ltr'><strong>et</strong></span> 
     </span>
     <span class='ocr_line' id='line_1_39' title="bbox 163 3622 2194 3708; baseline -0.001 -19"><span class='ocrx_word' id='word_1_271' title='bbox 163 3625 502 3707; x_wconf 85' lang='lat' dir='ltr'><strong>continuo</strong></span> <span class='ocrx_word' id='word_1_272' title='bbox 544 3646 584 3685; x_wconf 86' lang='lat' dir='ltr'><strong>a</strong></span> <span class='ocrx_word' id='word_1_273' title='bbox 618 3628 762 3687; x_wconf 89' lang='lat' dir='ltr'><strong>sole</strong></span> <span class='ocrx_word' id='word_1_274' title='bbox 790 3625 1157 3692; x_wconf 89' lang='lat' dir='ltr'><strong>inocciduo</strong></span> <span class='ocrx_word' id='word_1_275' title='bbox 1192 3634 1809 3708; x_wconf 80' lang='lat' dir='ltr'><strong>temperatamesse</strong></span> <span class='ocrx_word' id='word_1_276' title='bbox 1843 3634 1909 3684; x_wconf 88' lang='lat' dir='ltr'><strong>et</strong></span> <span class='ocrx_word' id='word_1_277' title='bbox 1945 3622 2048 3686; x_wconf 87' lang='lat' dir='ltr'><strong>ibi</strong></span> <span class='ocrx_word' id='word_1_278' title='bbox 2078 3622 2194 3686; x_wconf 81' lang='lat' dir='ltr'><strong>vix</strong></span> 
     </span>
     <span class='ocr_line' id='line_1_40' title="bbox 163 3702 2197 3788; baseline -0.002 -19"><span class='ocrx_word' id='word_1_279' title='bbox 163 3707 392 3770; x_wconf 87' lang='lat' dir='ltr'><strong>ullum</strong></span> <span class='ocrx_word' id='word_1_280' title='bbox 441 3704 774 3778; x_wconf 82' lang='lat' dir='ltr'><strong>tonitrum</strong></span> <span class='ocrx_word' id='word_1_281' title='bbox 829 3706 1157 3788; x_wconf 84' lang='lat' dir='ltr'><strong>grassari,</strong></span> <span class='ocrx_word' id='word_1_282' title='bbox 1197 3707 1320 3787; x_wconf 91' lang='lat' dir='ltr'><strong>qui</strong></span> <span class='ocrx_word' id='word_1_283' title='bbox 1371 3716 1509 3771; x_wconf 88' lang='lat' dir='ltr'><strong>tam</strong></span> <span class='ocrx_word' id='word_1_284' title='bbox 1556 3704 1746 3767; x_wconf 79' lang='lat' dir='ltr'><strong>ferax</strong></span> <span class='ocrx_word' id='word_1_285' title='bbox 1785 3715 1882 3767; x_wconf 84' lang='lat' dir='ltr'><strong>est</strong></span> <span class='ocrx_word' id='word_1_286' title='bbox 1922 3702 2197 3786; x_wconf 85' lang='lat' dir='ltr'><strong>genitor</strong></span> 
     </span>
     <span class='ocr_line' id='line_1_41' title="bbox 158 3784 2199 3870; baseline -0.002 -21"><span class='ocrx_word' id='word_1_287' title='bbox 158 3787 567 3870; x_wconf 85' lang='lat' dir='ltr'><strong>pluviarum</strong></span> <span class='ocrx_word' id='word_1_288' title='bbox 599 3785 1010 3870; x_wconf 86' lang='lat' dir='ltr'><strong>frigidarum</strong></span> <span class='ocrx_word' id='word_1_289' title='bbox 1046 3797 1111 3847; x_wconf 88' lang='lat' dir='ltr'><strong>et</strong></span> <span class='ocrx_word' id='word_1_290' title='bbox 1144 3786 1416 3848; x_wconf 86' lang='lat' dir='ltr'><strong>nivium</strong></span> <span class='ocrx_word' id='word_1_291' title='bbox 1457 3794 1947 3849; x_wconf 86' lang='lat' dir='ltr'><strong>nocturnarum</strong></span> <span class='ocrx_word' id='word_1_292' title='bbox 1990 3784 2065 3845; x_wconf 88' lang='lat' dir='ltr'><strong>in</strong></span> <span class='ocrx_word' id='word_1_293' title='bbox 2098 3784 2199 3845; x_wconf 89' lang='lat' dir='ltr'><strong>al-</strong></span> 
     </span>
    </p>

    <p class='ocr_par' dir='ltr' id='par_1_7' title="bbox 212 3863 2195 3947">
     <span class='ocr_line' id='line_1_42' title="bbox 212 3863 2195 3947; baseline -0.001 -20"><span class='ocrx_word' id='word_1_294' title='bbox 212 3868 375 3932; x_wconf 81' lang='lat' dir='ltr'><strong>ibus</strong></span> <span class='ocrx_word' id='word_1_295' title='bbox 423 3866 816 3936; x_wconf 78' lang='lat' dir='ltr'><strong>Helveticis.</strong></span> <span class='ocrx_word' id='word_1_296' title='bbox 898 3867 1214 3947; x_wconf 81' lang='lat' dir='ltr'><strong>Quatuor</strong></span> <span class='ocrx_word' id='word_1_297' title='bbox 1262 3875 1521 3932; x_wconf 81' lang='lat' dir='ltr'><strong>aestates</strong></span> <span class='ocrx_word' id='word_1_298' title='bbox 1572 3864 1713 3925; x_wconf 89' lang='lat' dir='ltr'><strong>fere</strong></span> <span class='ocrx_word' id='word_1_299' title='bbox 1764 3863 2065 3946; x_wconf 86' lang='lat' dir='ltr'><strong>integras</strong></span> <span class='ocrx_word' id='word_1_300' title='bbox 2115 3864 2195 3926; x_wconf 88' lang='lat' dir='ltr'><strong>in</strong></span> 
     </span>
    </p>

    <p class='ocr_par' dir='ltr' id='par_1_8' title="bbox 257 3944 2195 4032">
     <span class='ocr_line' id='line_1_43' title="bbox 257 3944 2195 4032; baseline -0.001 -22"><span class='ocrx_word' id='word_1_301' title='bbox 257 3945 529 4032; x_wconf 81' lang='lat' dir='ltr'><strong>pponia</strong></span> <span class='ocrx_word' id='word_1_302' title='bbox 583 3944 912 4032; x_wconf 78' lang='lat' dir='ltr'><strong>transegi,</strong></span> <span class='ocrx_word' id='word_1_303' title='bbox 953 3956 1021 4009; x_wconf 88' lang='lat' dir='ltr'><strong>et</strong></span> <span class='ocrx_word' id='word_1_304' title='bbox 1059 3945 1166 4009; x_wconf 89' lang='lat' dir='ltr'><strong>ibi</strong></span> <span class='ocrx_word' id='word_1_305' title='bbox 1211 3944 1576 4010; x_wconf 85' lang='lat' dir='ltr'><strong>calidiores</strong></span> <span class='ocrx_word' id='word_1_306' title='bbox 1622 3964 1816 4025; x_wconf 78' lang='lat' dir='ltr'><strong>aeque</strong></span> <span class='ocrx_word' id='word_1_307' title='bbox 1863 3965 1945 4009; x_wconf 83' lang='lat' dir='ltr'><strong>ac</strong></span> <span class='ocrx_word' id='word_1_308' title='bbox 1970 3945 2195 4032; x_wconf 59' lang='lat' dir='ltr'><strong>‚frigi-</strong></span> 
     </span>
    </p>
   </div>
  </div>
 </body>
</html>
