2799 4642
608 292 817 344 Lxxx

600 454 835 510 ratura
892 442 969 507 in
1018 450 1177 521 3040
1215 443 1480 524 ,pedum
1536 440 1917 508 elevatione
1970 463 2182 530 supra
2239 457 2426 511 mare
2481 453 2635 516 erat

1165 528 1317 586 1812
1363 527 1429 586 d.
1482 528 1551 587 16
1588 525 1760 588 Juni
1806 530 2173 590 46.5'Cent.
2217 556 2225 568 κ
2404 536 2421 546 ’

1365 608 1432 668 d.
1480 609 1550 668 18
1584 607 1754 690 Aug.
1803 611 1947 672 4625
1983 611 2170 670 Cent-

981 767 992 770 ⁷
1361 688 1427 747 d.
1474 708 1543 767 19
1579 690 1756 769 Sept.
1803 690 1947 751 ÷6.5
1982 692 2172 750 Cent.

599 773 902 848 Ideoque
926 765 1214 828 omnino
1233 768 1475 828 ’eadem
1501 777 1953 849 temperatura
1984 781 2178 831 terrae
2204 787 2282 830 ae
2305 768 2624 851 Upsaliae,

601 852 720 913 sed
748 847 949 911 vallis
978 847 1549 930 Engelbergensis
1582 849 1810 910 minus
1840 848 2107 911 favente
2134 848 2405 911 climate
2442 849 2628 911 frui-

603 942 733 1011 tur,
778 950 931 992 cum
961 928 1063 989 ibi
1096 928 1277 988 nulli
1298 927 1504 1010 Pyri,
1546 939 1612 990 et
1642 929 1872 1000 Gerasi
1911 941 2171 991 tantum
2208 930 2295 988 ad
2324 923 2648 1010 parietes¹

601 1010 899 1074 coenobii
953 1018 1286 1085 crescant,
1352 1011 1537 1069 unde
1592 1018 1773 1091 patet
1836 1017 2358 1093 temperaturam
2422 1022 2620 1074 terrae

600 1090 863 1155 climati
888 1088 1336 1173 vegetationis
1368 1109 1509 1151 non
1535 1092 1961 1172 respondere.
2015 1094 2111 1152 Ex
2127 1090 2620 1172 vegetabilium
2658 1085 2661 1092 ⁴

598 1171 1109 1254 comparatione
1165 1169 1640 1231 concludimus
1683 1172 2068 1256 Engelberg
2116 1171 2457 1232 minorem
2498 1174 2622 1232 ha-

597 1255 760 1316 bere
804 1257 1329 1333 temperaturam
1367 1249 1780 1329 atiris'quam
1812 1250 2283 1336 Peissenberg‚
2326 1253 2496 1312 adeo
2541 1262 2622 1313 ut

599 1339 717 1395 ae'r
783 1329 1355 1416 Engelbergensis
1426 1333 1613 1391 haud
1667 1334 1766 1392 5.6
1816 1334 2005 1394 Cent.
2051 1342 2352 1414 superet,
2422 1335 2618 1411 quod

595 1413 758 1478 satis
824 1417 980 1474 cum
1047 1420 1501 1493 temperatura
1551 1411 1726 1474 ae'ris
1774 1412 2070 1493 Upsaliae
2127 1411 2486 1489 convenit3
2549 1421 2620 1473 et

595 1495 843 1556 exinde
884 1504 1284 1571 sequeretur
1327 1501 1850 1573 temperaturam
1896 1502 2088 1578 terr?
2126 1492 2230 1582 ibi
2275 1491 2619 1553 minorem

597 1586 739 1637 esse
770 1585 1221 1653 temperatura
1247 1572 1421 1633 ae'ris
1448 1573 1681 1633 eadem
1713 1571 2273 1653 proportione'ac
2295 1573 2619 1652 Upsaliae.

681 1654 1011 1715 Guttanen
1032 1657 1188 1713 3253
1209 1656 1362 1733 ped.
1377 1653 1583 1734 paris.
1605 1671 1812 1732 supra
1837 1651 2021 1713 nlare'
2037 1654 2330 1715 elevatus
2346 1654 2618 1714 bonum

596 1735 803 1794 habet
840 1731 1098 1793 fontem
1134 1733 1209 1793 in
1246 1732 1467 1793 fundo
1510 1732 1720 1813 plano
1760 1733 2091 1794 convallis
2131 1732 2619 1795 scaturientem

594 1815 808 1894 idque
836 1812 912 1874 in
945 1821 1121 1873 terra
1161 1831 1478 1890 arenosa3
1562 1810 1718 1886 ujus
1755 1813 2130 1875 defluvium
2168 1813 2365 1875 nullo
2402 1815 2613 1882 modo

596 1893 975 1978 impeditur
1016 1892 1347 1974 cujusque
1390 1833 1859 1990 tenysseraturas
1885 1904 2029 1955 erat

1327 1976 1478 2036 1812
1523 1976 1589 2033 d.
1638 1975 1710 2032 16
1751 1975 1899 2035 Juli
1947 1978 2089 2037 ÷6.1
2125 1976 2315 2046 Cent.

1309 2080 1314 2083 ’
1533 2053 1597 2114 d.
1641 2070 1717 2130 24
1752 2056 1927 2136 Sept.
1951 2058 2098 2130 ÷6.4
2129 2056 2319 2115 Cent.

595 2135 891 2213 ideoque
942 2134 1175 2194 eadem
1273 2132 1672 2213 roportione
1723 2132 2047 2218 frigidior
2091 2143 2190 2196 est
2235 2152 2374 2212 qua
2420 2132 2614 2194 locus

593 2214 926 2277 elevatior
974 2234 1178 2293 quam
1290 2215 1646 2299 ngelberg‚
1691 2234 1829 2293 quo
1870 2214 2119 2288 eximie
2167 2210 2617 2276 confirmatur

594 2304 1053 2379 temperatura
1093 2306 1285 2357 terrae
1330 2294 1432 2356 ibi
1476 2304 1757 2377 reperta.

675 2373 734 2458 s.
778 2396 876 2456 91.
921 2375 1390 2437 Memorabilis
1418 2375 1540 2436 ille
1563 2376 1719 2438 fons
1745 2376 1819 2438 in
1839 2375 2103 2438 ditione
2128 2373 2615 2441 Abbatiseella-

595 2476 849 2520 norum
878 2459 1006 2517 suh
1034 2455 1331 2536 Ebenalp
1362 2457 1431 2516 in
1458 2455 1573 2517 der
1597 2457 1753 2517 Auw
1779 2475 1932 2534 2714
1962 2459 2166 2538 pedes
2192 2475 2399 2536 supra
2424 2475 2614 2515 mare

591 2537 988 2615 scaturiens,
1031 2557 1236 2615 quam
1263 2557 1299 2596 e
1330 2539 1688 2597 Kroneber
1755 2557 2005 2617 aquam
2035 2536 2342 2596 derivare
2365 2545 2614 2617 putant

594 2617 839 2680 incolae
886 2613 1102 2697 (conf.
1144 2618 1330 2678 Frisii
1363 2616 1673 2699 Geograp
1725 2662 1740 2677 .
1780 2621 1836 2681 3.
1879 2638 1947 2697 p.
1984 2614 2153 2695 67.).
2210 2616 2613 2677 ostendebat

596 2701 664 2759 d.
690 2715 730 2774 4
755 2701 933 2779 Sept.
980 2701 1124 2759 ÷6.3
1159 2700 1381 2775 Cent.‚
1426 2717 1578 2777 quae
1615 2708 1746 2758 tem
1799 2708 2066 2759 eratura
2106 2715 2232 2778 pro
2279 2707 2614 2777 perpetua

591 2780 850 2841 assumi
890 2787 1128 2860 potest.
1211 2777 1342 2840 Vix
1388 2788 1613 2838 autem
1662 2780 1751 2838 du
1807 2778 2055 2839 itamus
2085 2796 2234 2839 eam
2272 2779 2461 2854 justo
2507 2776 2614 2838 in·-

592 2859 915 2921 feriorem
967 2864 1495 2940 temperaturam
1545 2859 1902 2939 exhibere,
1957 2878 2115 2920 cum
2160 2877 2197 2918 e
2247 2857 2458 2918 latere
2508 2857 2618 2919 al·

592 2939 786 3022 pium
830 2939 1297 3022 insig‘niorum
1343 2940 1662 3018 profluat.

647 3022 752 3087 „In
777 3031 1008 3081 monte
1034 3017 1374 3096 Hochalp
1404 3018 2112 3081 Abbatiseellanorum
2149 3015 2432 3077 scaturit
2457 3011 2612 3078 fons

587 3102 743 3163 3825
758 3103 965 3182 pedes
976 3118 1187 3181 supra
1210 3116 1396 3159 mare
1412 3143 1432 3178 ‚
1455 3099 1563 3176 cuj
1574 3120 1650 3161 us
1672 3107 2196 3179 temperaturam
2217 3115 2358 3159 esse
2381 3095 2614 3178 reperi

1121 3198 1132 3215 ³
1228 3180 1294 3239 d.
1337 3181 1412 3240 25
1453 3179 1626 3241 Juni
1673 3181 1818 3256 45.7
1853 3181 2045 3240 Cent.
2287 3199 2293 3205 ·
2480 3222 2485 3229 ,

1199 3261 1293 3325 χά.
1368 3280 1393 3318 1
1440 3261 1618 3343 Sept.
1664 3269 1807 3323 ÷b.1
1844 3261 2034 3320 Cent.
2558 3318 2567 3327 ,γ

663 3339 852 3403 Huic
872 3340 1071 3402 valde
1091 3338 1428 3420 analogus
1455 3352 1554 3401 est
1580 3340 1736 3402 fons
1758 3335 2233 3401 Seweli-brunn
2262 3332 2483 3397 dictus
2522 3337 2611 3397 ad

584 3420 886 3482 Pilatum
912 3418 1108 3497 juxta
1133 3428 1497 3480 torrentem
1521 3420 1728 3486 Klein
1747 3419 2097 3482 Schlieren
2122 3418 2499 3482 scaturiens
2531 3415 2609 3478 in

588 3502 967 3573 elevatione
995 3518 1149 3579 409¹
1178 3501 1435 3580 pedum
1461 3520 1514 3562 s.
1541 3522 1630 3563 m.
1654 3501 1761 3562 vel
1797 3499 1875 3561 in
1892 3499 2057 3582 jpso
2091 3496 2385 3559 termino
2419 3495 2611 3580 Fagi.

585 3582 752 3659 Ejus
795 3589 1252 3665 temperatura
1291 3589 1436 3642 erat
1519 3584 1669 3644 1812
1715 3583 1782 3642 d.
1829 3596 1901 3657 14
1941 3577 2112 3642 Juni
2159 3582 2304 3655 45.7
2335 3578 2531 3636 Cent.

1065 3664 1072 3665 ⁷
1718 3662 1782 3723 d.
1832 3677 1900 3720 12
1947 3656 2116 3741 Aug.
2158 3660 2301 3720 46.1
2331 3658 2529 3717 Cent.

629 3812 631 3816 ³
1614 3782 1641 3799 .
1716 3743 1782 3802 d.
1826 3758 1904 3801 20
1941 3742 2121 3823 Sept.
2162 3741 2304 3800 -ι-6.ι
2333 3739 2528 3810 Gens.

587 3825 686 3886 Ex
724 3821 835 3885 his
876 3822 1147 3883 duobus
1187 3815 1495 3883 fontibus
1543 3830 2066 3903 temperaturam
2109 3828 2301 3880 terrae
2341 3817 2428 3877 ad
2473 3825 2608 3876 ter·-

586 3903 859 3965 minum
875 3903 1037 3987 Fagi
1061 3905 1159 3963 6.o
1177 3903 1366 3961 Cent.
1382 3920 1524 3964 esse
1541 3900 2014 3964 concludimus
2030 3922 2050 3978 3
2079 3905 2603 3981 temperaturam

584 4002 751 4044 vero
781 3983 976 4043 aeris
1024 4000 1167 4043 non
1220 3981 1399 4041 ultra
1451 3986 1552 4043 3.6
1588 3985 1778 4048 Cent.
1817 3999 2161 4050 assumere
2205 3994 2601 4064 possumus,

587 4062 885 4143 ideoque
926 4077 1026 4138 2.4
1050 4063 1241 4127 Cent.
1280 4057 1707 4131 inferiorem,
