2799 4642
414 273 421 286 ⁰
503 299 601 373 70
654 274 661 279 “
1272 266 1764 306 -=>0‹:=--

509 457 651 532 397.
688 389 1182 511 EPILoimJM
1239 437 1674 498 hirsutum
1713 433 1951 496 Waltz
1981 453 2163 512 spec.
2204 437 2425 516 plant.
2468 457 2532 502 2.
2651 463 2660 476 2

750 548 820 608 p.
849 525 986 590 315.
1028 518 1322 595 Linn.st.
1353 537 1523 578 avec.
1551 538 1616 576 n.
1650 519 1784 580 528.
1829 522 1899 591 β.
1978 515 2269 580 Haller.
2289 521 2525 582 histor.

751 629 818 670 n.
847 606 988 685 995.
1031 629 1089 665 α.
1132 620 1351 665 enum.
1380 617 1449 676 p.
1478 598 1615 675 410.
1655 617 1721 656 n.
1750 601 1809 661 8.

518 694 521 696 ’
592 687 772 754 Hah.
812 686 889 748 in
931 682 1213 765 aquosis
1251 678 1470 740 etiam.
1499 677 1847 738 montanis
1891 677 2172 758 ubique.

517 812 655 892 ³98.
697 801 1189 870 EPILOBIUM
1231 817 1276 877 p
1296 793 1396 858 ub
1416 813 1706 856 eseens
1746 792 2069 862 Willclen.
2096 809 2274 874 spec.
2310 795 2534 874 plant.

764 904 823 950 2.
852 905 919 966 p.
951 880 1090 947 515.
1128 880 1316 940 Linn.
1331 874 1419 951 fl.
1462 894 1631 937 svec.
1662 897 1726 936 n.
1758 878 1894 939 528.
1939 903 1996 937 α.
2077 875 2355 938 Haller.
2379 878 2565 938 hisl.·-

761 987 826 1027 η.
863 963 1006 1045 995.
1046 967 1113 1038 β.
1152 978 1369 1021 enum.
1394 976 1478 1036 p.
1508 958 1645 1033 410.
1687 976 1752 1014 n.
1781 972 1838 1030 7.

601 1048 781 1113 Hah.
823 1044 898 1106 in
939 1040 1215 1122 aquosis
1253 1049 1397 1100 tum
1441 1035 1929 1116 campestrihus
1968 1056 2046 1098 ac
2089 1034 2435 1098 montanis
2475 1045 2544 1099 et

574 1198 578 1202 ,
688 1121 1076 1207 subalpinis
1133 1140 1352 1199 usque
1412 1118 1501 1178 ad
1550 1116 1924 1179 terminum
1975 1115 2251 1198 abietis,
2300 1139 2401 1181 ex.
2441 1139 2545 1201 gr.

686 1225 895 1288 supra
944 1199 1321 1284 Oberblegi
1363 1198 1896 1259 Glaronensium
1941 1197 2239 1278 copiose.

605 1292 687 1351 In
729 1284 966 1369 alpina
992 1284 1229 1367 planta
1262 1278 1431 1344 folia
1463 1286 1724 1340 tantum
1756 1282 1840 1340 ad
1871 1298 2079 1341 venas
2108 1291 2174 1339 et
2201 1278 2548 1363 margines

532 1371 937 1452 pubescunt.

532 1502 670 1577 399.
712 1493 1202 1559 EPILOBIUM
1276 1498 1767 1551 montanum
1833 1489 2022 1550 Linn.
2077 1510 2257 1569 spec.
2320 1491 2564 1570 plant.-

778 1575 877 1638 ed.
904 1573 1142 1635 Willd.
1172 1589 1233 1636 2.
1252 1592 1322 1650 p.
1348 1574 1484 1634 316.
1526 1589 1697 1631 svee.
1727 1591 1789 1629 η.
1818 1574 1951 1649 529.
1997 1571 2278 1651 Ιαρροη.
2308 1594 2371 1632 η.
2407 1573 2543 1651 147.

773 1655 1050 1718 Haller.
1082 1673 1301 1714 enum.
1331 1670 1398 1729 p.
1423 1653 1564 1728 409.
1605 1672 1672 1711 η.
1694 1651 1750 1715 ὁ.
1790 1650 2025 1713 histor.
2064 1673 2130 1711 η.
2166 1652 2307 1732 996.

614 1736 792 1799 Hah.
833 1735 908 1796 in
944 1732 1253 1797 Helvetia
1286 1730 1588 1812 planiori
1626 1744 1690 1791 et
1726 1741 2051 1793 montana
2076 1732 2422 1816 praecipue
2463 1730 2553 1792 ad

697 1835 903 1898 rupes
944 1815 1394 1877 subhumidas
1441 1812 1721 1890 ubique.

537 1962 676 2027 400.
716 1945 1205 2010 EPILOBIUM
1268 1941 1667 2021 palustre
1721 1942 1911 2004 Lirin.
1961 1963 2140 2022 spee-
2184 1943 2404 2023 plant.
2445 1940 2554 2003 ed.

782 2025 1021 2091 Willd.
1061 2043 1117 2087 2.
1164 2044 1234 2098 p.
1275 2026 1411 2096 517.
1467 2041 1638 2084 svec.
1688 2044 1750 2083 η.
1796 2027 1930 2086 550.
1989 2026 2266 2104 [appan.
2308 2041 2374 2083 n.
2415 2024 2553 2103 148.

778 2107 1058 2171 Haller.
1096 2122 1311 2164 enum.
1340 2123 1407 2181 p.
1437 2117 1575 2181 409.
1597 2124 1681 2172 π.
1710 2105 1769 2180 4.
1814 2103 2044 2166 histor.
2083 2128 2146 2166 n.
2169 2107 2306 2184 998.

616 2190 795 2251 Hah.
838 2186 912 2249 in
953 2183 1333 2270 paludibus
1388 2181 1873 2265 frigidioribus
1919 2185 2234 2267 planitiei
2275 2182 2559 2266 passim.

543 2335 684 2396 401.
726 2317 1221 2381 EPILOBIUM
1264 2314 1658 2394 alpinum
1694 2319 1760 2389 β.
1798 2312 2246 2393 Wahlenb.fl.
2270 2314 2559 2397 lappon.

780 2400 968 2477 p.95.
1026 2397 1306 2461 Haller.
1343 2417 1562 2456 enum.
1583 2416 1650 2475 p.
1680 2399 1817 2471 408.
1860 2419 1923 2457 n.
1961 2401 2021 2460 5.
2058 2398 2290 2460 histor.
2320 2419 2382 2457 n.
2413 2412 2559 2477 999.

623 2479 800 2541 Hah.
841 2479 1010 2541 locis
1053 2477 1338 2560 irriguis
1380 2479 1644 2559 alpium
1689 2477 1963 2559 passim.

547 2624 686 2685 402.
732 2608 1098 2674 CHLORA
1150 2624 1299 2687 per
1295 2605 1359 2685 f
1363 2606 1451 2666 ol
1466 2609 1494 2667 i
1504 2616 1654 2671 ata
1705 2607 1896 2670 Lina.
1946 2624 2123 2688 spec.
2173 2606 2398 2686 plant.
2453 2605 2562 2668 ed.

791 2686 1028 2751 Wizld.
1061 2707 1118 2753 2.
1156 2709 1228 2767 p.
1263 2688 1398 2766 540.

700 2771 798 2831 Ge
859 2770 1043 2830 tiana
1069 2768 1349 2832 Haller.
1371 2789 1590 2830 enum.
1613 2787 1681 2846 p.
1705 2769 1925 2846 480.η.
1954 2767 2052 2833 16.
2080 2768 2316 2829 histor.
2332 2789 2400 2828 η.
2417 2767 2562 2848 649.

626 2850 804 2911 Hah.
871 2849 1008 2912 ocis
1045 2849 1348 2934 irrigatis
1382 2848 1763 2910 declivibus
1798 2849 1885 2909 ad
1920 2851 2181 2911 radices
2217 2848 2565 2910 montium

704 2952 807 2992 ex.
849 2952 950 3014 gr.
989 2932 1078 2991 ad
1123 2930 1438 3011 Utliberg
1474 2949 1685 3010 supra
1710 2929 1947 2993 villam
1974 2930 2424 3014 Friesenberg
2458 2949 2572 2990 co-

702 3011 935 3106 piose,
998 3013 1084 3071 ad
1146 3010 1487 3092 Rossberg
1548 3029 1764 3092 prope
1830 3010 2073 3073 villam
2124 3010 2564 3094 Steinerberg

759 3111 1005 3153 arcius.

627 3113 823 3234 Foliia
852 3170 1125 3234 caulina
1156 3168 1393 3233 infima
1414 3171 1602 3231 haud
1627 3179 1915 3232 connata
1939 3177 2118 3231 sunt.
2163 3170 2430 3234 Foliola
2462 3189 2567 3230 ca-

546 3253 788 3336 lycina
806 3272 984 3337 saepe
1005 3261 1236 3332 patent
1259 3261 1324 3310 et
1344 3251 1781 3313 involucrum
1808 3252 2006 3330 quasi
2031 3252 2563 3314 umbellatarum

549 3332 887 3412 referunt,
932 3331 1114 3393 intra
1143 3350 1294 3410 quae
1325 3333 1530 3392 tubus
1560 3334 1835 3395 corollae
1865 3331 2056 3393 nitet.
2481 3340 2494 3361 ’-

550 3468 690 3540 403.
730 3462 1233 3527 VACCINIUM
1279 3457 1369 3524 M
1373 3463 1554 3541 yrti
1562 3460 1740 3522 llus
1781 3462 1969 3523 Lirin.
1998 3482 2176 3541 spec.
2211 3459 2430 3539 plant.
2462 3458 2559 3521 ed.

793 3540 1033 3605 Willd.
1082 3560 1139 3605 2.
1175 3563 1248 3620 p.
1285 3546 1424 3619 548.
1465 3562 1658 3617 eveo.
1702 3564 1766 3603 n.
1804 3546 1944 3607 555.
2008 3542 2288 3623 hippon.
2330 3561 2393 3601 η.
2431 3542 2563 3620 145.

596 3682 609 3687 „
788 3622 1067 3688 Haller.
1092 3644 1313 3685 enum.
1341 3646 1416 3706 p.
1437 3622 1576 3700 415.
1616 3642 1682 3684 n.
1713 3625 1769 3688 3.
1812 3625 2043 3685 histor.
2075 3645 2137 3683 n.
2166 3639 2335 3685 1020.

628 3706 806 3768 Hah.
828 3703 901 3765 in
930 3702 1149 3786 sylvis
1180 3704 1499 3767 abietinis
1517 3702 1861 3785 praecipue
1887 3701 2276 3785 subalpinis
2306 3698 2574 3779 ubique

706 3784 1133 3865 frequenter,
1178 3787 1363 3848 unde
1411 3785 1765 3847 adscendit
1806 3784 1882 3846 in
1927 3786 2116 3865 alpes
2158 3781 2338 3845 inter
2375 3782 2573 3841 nives

707 3885 1048 3949 perennes
1086 3885 1202 3927 seu
1250 3871 1339 3929 ad
1382 3870 1541 3929 6800
1582 3868 1838 3947 pedum
1877 3865 2084 3947 paris.
2127 3862 2573 3925 altitudinem

709 3945 974 4023 ubique
1019 3947 1326 4028 pai-cim,
1378 3969 1480 4010 ex.
1528 3967 1627 4029 gr.
1675 3946 1756 4006 in
1791 3945 2162 4010 Gotthardi
2213 3936 2610 4007 cacumin&

710 4027 1061 4088 Isenstock
1100 4029 1209 4089 vel
1250 4027 1798 4110 lsenmans-alp.
