2799 4642
614 313 804 364 val

690 461 751 548 ς.
794 482 891 542 79.
932 456 1175 523 Turici
1219 450 1496 536 optimae
1540 446 1869 511 institutae
1916 453 2078 508 sunt
2120 442 2642 507 ,observationes

612 538 1216 613 Thermemetricae
1250 537 1337 596 ab
1367 531 1560 595 urbis
1587 552 1628 593 a
1646 525 1930 593 Secretis
1952 525 2426 607 ›DominoJoln
2447 525 2646 607 Casp-

621 625 905 698 Escher,
949 630 1015 682 et
1053 616 1336 700 quidem
1383 622 1570 676 tanta
1615 609 2035 694 perspicacia
2075 617 2142 668 et
2178 608 2330 669 loco
2367 605 2456 667 iis
2500 615 2647 668 tam

595 703 913 783 ''idone0‚
965 709 1044 763 ut
1092 696 1402 762 bonitate
1447 694 1590 757 fere
1639 710 1876 753 omnes
1923 688 2087 751 anas
2132 685 2649 750 observationes

618 784 922 853 vincant.
1001 783 1217 843 Factae
1260 776 1450 852 enim
1491 783 1653 837 sunt
1690 772 1769 834 in
1810 770 1984 833 colle
2025 768 2232 832 totius
2268 767 2411 829 fere
2451 767 2651 829 urhis

626 867 923 935 maxime
976 862 1238 924 elevato
1294 856 1642 936 simulque
1683 851 1932 914 eximie
1981 849 2225 911 isolato
2274 857 2510 929 utpote
2564 846 2649 910 in

624 946 857 1014 medio
903 943 1087 1005 inter
1125 937 1415 1002 flumina
1458 936 1821 1030 Limagum
1863 941 1928 992 et
1959 930 2175 993 Silam
2221 928 2387 1005 sit0,
2428 927 2649 1007 idque

625 1032 705 1094 in
734 1023 1008 1091 aedificii
1036 1019 1292 1085 caeteris
1327 1016 1714 1080 elevatioris
1742 1030 2014 1076 summo
2045 1009 2346 1073 culmine
2375 1007 2652 1070 circiter

626 1115 706 1175 88
741 1109 946 1193 pedes
1002 1100 1209 1185 paris.
1250 1119 1460 1181 supra
1505 1093 1939 1179 superficiem
1997 1092 2185 1153 lacus
2225 1087 2648 1154 Turicensis.

624 1195 911 1274 Sperare
947 1184 1176 1264 itaque
1219 1179 1411 1259 licet,
1452 1180 1633 1240 hane
1668 1175 2032 1258 stationem
2074 1172 2298 1233 calore
2336 1169 2503 1231 solis
2542 1190 2651 1232 re·

628 1271 803 1335 flexo
840 1267 963 1337 vel
989 1263 1259 1326 incluso
1298 1260 1506 1322 locali
1546 1256 1780 1320 minus
1826 1255 2175 1329 laborare,
2217 1260 2284 1315 et
2318 1260 2649 1331 tempera·

631 1363 859 1415 turam
926 1343 1144 1429 magis
1209 1339 1669 1403 universalem
1730 1332 2071 1399 convallis
2122 1330 2268 1393 sive
2324 1328 2651 1413 planitiei

626 1425 1021 1497 Turieensis
1077 1424 1433 1487 ostendere
1484 1439 1691 1501 quam
1746 1418 2081 1501 pleraque
2124 1412 2278 1474 loca
2334 1410 2650 1487 ejusdem

628 1511 845 1576 urhis.
889 1512 1312 1589 Computatae
1338 1501 1620 1583 quidem
1647 1505 1810 1561 sunt
1831 1492 2338 1559 observationes
2361 1493 2402 1552 6
2431 1509 2650 1554 anno·

633 1613 792 1656 rum
852 1596 1356 1670 postremorum
1423 1584 1666 1643 eodem
1731 1579 1936 1640 modo
2003 1594 2082 1638 ac
2139 1571 2650 1638 observationes

635 1666 1152 1734 Gotthardianae
1191 1662 1652 1741 reliquaeque,
1694 1668 1761 1719 et
1796 1676 2063 1719 mecum
2102 1672 2368 1715 summa
2395 1654 2650 1715 huma-

634 1750 849 1817 nitate
889 1743 1406 1812 communicatae
1446 1760 1488 1803 a
1526 1741 1806 1803 laudato
1846 1740 2049 1801 Dom.
2090 1734 2354 1799 Escher.
2438 1795 2471 1800 .,
