2799 4642
404 217 572 269 VIII

411 389 488 449 et
505 371 762 448 Biblio
774 362 1075 444 thecam
1095 396 1392 469 semper
1411 366 1726 467 aperuit
1744 419 1777 463 ,-
1802 384 1875 442 et
1902 370 2269 453 doctrina
2304 394 2457 446 sua

418 501 924 599 consiliisque
941 482 1263 596 adjuvit,
1291 501 1458 574 sine
1478 498 1754 596 quibus
1783 523 2024 595 neque
2026 500 2270 597 prodi
2276 500 2458 574 isset

347 663 355 667 ·
419 659 662 728 neque
711 631 862 711 tale
889 629 1285 728 futurum
1306 628 1609 727 fuisset
1661 653 1915 698 meum
1972 625 2459 726 opusculum.

432 759 582 849 Gelss
624 750 937 831 Horner
975 756 1593 830 mensurationes
1622 780 1845 845 ,meas
1892 755 2463 830 barometricas

425 887 809 960 stabilivit
833 913 919 958 eo
951 886 1160 982 quod
1183 883 1754 956 observationes
1784 887 2466 982 correspondentes

431 1043 734 1088 mecum
831 1012 1485 1113 communicavit,
1561 1009 2120 1083 Barometrum
2207 1038 2464 1082 meum

364 1182 369 1187 ·
434 1143 980 1216 instrumentis
1031 1142 1221 1216 suis·
1234 1154 1421 1237 post
1471 1138 1870 1246 singulam
1933 1140 2468 1211 excursionem

433 1271 869 1380 regulavit,
928 1250 1064 1353 nec
1119 1295 1277 1341 non
1344 1266 1693 1337 tabulam
1753 1266 1859 1336 ad
1906 1267 2468 1363 computandas

440 1395 1013 1480 observationes
1061 1375 1631 1466 bar-ometricas
1680 1392 2224 1503 benignissime
2273 1392 2471 1479 milti
2561 1454 2562 1457 η

424 1524 847 1624 praebuit.
895 1520 1200 1594 Multas
1246 1521 1577 1593 notitias
1619 1536 1692 1595 et
1746 1523 2007 1595 varia
2029 1524 2477 1615 adjumenta

439 1654 545 1724 ad
586 1652 737 1723 iter
790 1677 1046 1760 meum
1091 1644 1251 1739 rite
1292 1645 1850 1719 instituendum
1900 1649 2121 1721 debeo
2165 1650 2478 1722 celeber-

441 1779 672 1852 rimo
701 1792 775 1849 et
820 1753 904 1850 de
946 1777 1016 1849 T
1015 1775 1510 1884 opoaraphla
1555 1772 1925 1845 Helvetia:
1969 1776 2474 1850 meritissimo

439 1905 786 1978 Doctori
829 1902 1046 1976 Ebel.
1149 1881 1746 1974 Observationes
1791 1927 1976 1975 suas
2028 1904 2480 1985 meteorolo-

334 2041 337 2045 ’
436 2031 665 2138 gicas
695 2044 770 2100 et
806 2016 1488 2126 correspondentes
1516 2026 1718 2099 dedit
1747 2030 1964 2101 omni
1986 2032 2482 2104 humanitate

448 2183 497 2228 a
532 2157 849 2230 secretis
875 2155 1279 2228 Dominus*
1301 2154 1341 2226 J
1351 2155 1475 2225 oh.
1510 2152 1728 2252 Casp.
1757 2156 2066 2230 Escher.
2126 2158 2486 2254 Denique

364 2312 367 2315 ⁴
449 2283 1024 2358 observationes
1097 2281 1774 2355 thermometricas
1842 2308 2086 2382 prope
2151 2284 2485 2358 Curiam

450 2410 915 2485 Rhaetorum
969 2438 1017 2481 a
1077 2408 1348 2481 Gener.
1377 2408 1463 2479 L.
1482 2407 1841 2508 ‘Barones
1860 2411 1923 2483 J.
1958 2411 2045 2481 R.
2091 2437 2250 2486 von
2294 2413 2483 2487 Salis

452 2536 1212 2631 Marschlinsfactas
1239 2533 1662 2631 acquisivit
1686 2534 1917 2607 Dom.
1944 2535 2173 2622 Conr.
2199 2540 2490 2643 Eschet

457 2666 545 2739 de
583 2678 751 2737 tota
787 2660 1145 2735 Helvetia
1176 2661 1578 2736 laboribus
1600 2663 1766 2736 suis
1800 2663 1903 2736 ad
1934 2664 2492 2764 Linthamflu'-

457 2792 676 2865 vium
720 2769 1225 2862 coercendam
1268 2787 1858 2884 meritissimus,
1912 2794 2041 2866 vir
2100 2795 2182 2867 in
2222 2795 2490 2892 Geolo-
2533 2875 2538 2880 ,

452 2899 603 3031 gia
636 2915 1684 3024 studiisque-mineralogicis
1710 2921 2324 3015 versatissimus,
2383 2939 2493 2999 to-

463 3047 773 3142 tiusque
817 3044 1102 3141 patriae
1158 3068 1314 3116 suoe
1372 3044 1804 3152 indagator
1843 3059 2212 3126 stren'uus
2259 3067 2493 3150 atque

462 3153 901 3268 indefessus.
953 3168 1126 3243 Hos
1164 3196 1468 3268 quoque
1501 3172 1716 3246 viros
1757 3186 1977 3248 testes
2014 3177 2165 3248 mei
2200 3176 2495 3253 laboris

463 3299 717 3374 citare
763 3299 983 3398 operi
1017 3325 1183 3376 meo
1207 3299 1585 3398 praetium
1628 3314 1703 3372 et
1744 3304 2307 3394 auctoritatem
2347 3307 2498 3379 uti-

464 3455 612 3526 que
665 3426 1061 3502 conciliat.
2357 3419 2360 3422 ’
