2799 4642
1977 278 2185 350 xcm

158 459 285 505 sus
308 437 849 523 septentrionem
877 435 1011 501 cito
1040 438 1493 521 cessantibus,
1533 439 1906 502 admodum
1933 430 2189 521 faveat,

157 525 336 585 adeo
385 529 467 582 ‚ut
509 519 691 582 inter
735 519 925 583 nives
975 540 1207 581 versus
1260 522 1284 581 i
1335 542 1487 582 sum
1536 520 1830 581 limitem
1879 521 2182 583 nivalem

155 602 577 665 adscendere
596 599 894 683 possint,
923 610 987 661 et
1007 600 1214 661 simul
1239 543 1476 681 efficit,
1506 611 1582 661 ut
1601 601 1853 681 plantae
1875 603 2181 681 pulchrae

150 684 389 744 adhuc
408 678 578 742 locis
601 680 759 743 nive
782 677 916 743 cito
940 682 1301 745 denudatis
1316 684 1725 765 proveniant
1743 683 1951 763 longe
1971 699 2183 763 supra

155 763 538 824 terminum
563 760 882 823 nivalem.
960 764 1083 823 Hae
1106 782 1320 825 causae
1342 761 1482 825 sibi
1509 760 2179 844 invicemreagentes

156 856 225 905 et
263 846 697 904 decussantes
750 839 1088 922 explicare
1145 840 1504 921 videntur,
1559 862 1681 905 cur
1735 842 1810 902 in
1865 843 2181 904 Helvetia

154 922 490 985 distantia
530 921 712 983 inter
759 921 1052 983 limitem
1097 922 1393 985 nivalem
1441 934 1507 984 et
1549 924 1914 983 arboreum
1958 921 2176 983 multo
2227 987 2232 1000 ‚

152 1004 383 1080 major
418 1002 508 1064 sit
541 1004 647 1063 vel
674 1002 927 1084 alpinae
956 1001 1273 1084 regiones
1302 1004 1521 1065 multo
1549 1003 1824 1063 latiores
1866 1001 2066 1080 fiant3
2112 1014 2178 1063 et

152 1085 513 1164 quomodo
562 1078 846 1164 plantae,
905 1093 981 1143 ut
1026 1082 1267 1145 saltem
1315 1084 1644 1145 Botanico
1690 1083 2176 1166 septentrionis

148 1166 462 1239 videtur,
497 1162 930 1225 calidissimae
951 1184 1105 1224 cum
1123 1161 1591 1247 frigidissimis
1613 1162 1880 1224 misceri
1909 1163 2177 1245 possint

149 1266 278 1307 nec
322 1262 469 1305 non
508 1242 845 1328 vegetatio
887 1263 1095 1324 quam
1134 1244 1439 1318 maxime·
1468 1243 1813 1325 variegata
1852 1253 1916 1304 et
1962 1244 2176 1305 mixta

149 1325 440 1387 oriatur.
522 1327 777 1389 Verum
832 1324 1113 1403 quidem
1168 1336 1267 1387 est
1309 1324 1810 1407 vegetationem
1864 1323 2172 1404 alpinam

145 1403 487 1468 Helvetiae
524 1424 942 1498 quamquam
979 1405 1520 1498 pulcherrimam
1559 1404 1820 1466 indicia
1855 1406 2172 1484 quaedam

137 1483 336 1549 nivis
378 1501 531 1548 eam
584 1486 1033 1566 deprimenns
1081 1481 1360 1548 offerre:
1402 1504 1653 1568 pascua
1697 1483 1883 1545 enim
1931 1485 2172 1566 alpina

146 1570 369 1628 denso
424 1573 490 1625 et
547 1562 791 1650 pingvi
847 1564 1221 1642 admodum
1283 1568 1597 1649 gramine
1656 1564 1988 1648 gaudent,
2052 1564 2172 1626 vix

142 1653 381 1709 tamen
419 1658 726 1723 unquam
758 1655 893 1705 tam
919 1646 1093 1720 alto,
1137 1656 1214 1706 ut
1246 1651 1332 1710 ad
1365 1646 1533 1710 foeni
1572 1643 1963 1707 uberiorem
1996 1664 2170 1705 mes-

89 1762 99 1769 ·
140 1719 667 1802 sem-‚sufficiam
721 1726 972 1807 plantae
1016 1725 1281 1808 alpium
1328 1728 1654 1795 altiorum
1700 1723 1845 1786 sive
1896 1726 2166 1786 aca‘ules

140 1807 292 1871 sive
320 1814 633 1887 repentes
664 1806 773 1868 vel
812 1807 1290 1868 decumbentes
1327 1817 1487 1869 sunt
1523 1806 1626 1868 uti
1663 1805 1869 1867 Geum
1894 1815 2164 1885 reptans

141 1899 208 1950 et
245 1891 434 1949 mon'
736 1884 932 1947 ‘beris
966 1886 1464 1965 rotandisolia,
1504 1883 1956 1949 Antirrhinam
1986 1887 2164 1967 alpi-

142 1990 338 2043 nam,
366 1966 412 2028 L
766 1975 805 2027 n
822 1966 1155 2047 alpinam,
1178 1966 1377 2029 Viola
1402 1969 1769 2030 calcarata
1789 2008 1808 2042 ‚
1835 1963 2162 2029 Arenaria

140 2050 647 2131 polygonozaes
675 2063 797 2108 etc.
818 2090 837 2125 ‚
878 2048 1020 2108 sive
1040 2049 1284 2112 strictae
1307 2058 1371 2109 et
1392 2048 1636 2133 rigidae
1666 2049 1838 2109 adeo
1875 2057 1950 2108 ut
1981 2046 2161 2108 nivis

138 2131 425 2213 pondus
450 2128 627 2187 ferre
652 2126 917 2209 possint
935 2130 1036 2190 uti
1053 2130 1292 2191 Unicus
1311 2130 1822 2210 spinosissimas,
1838 2126 2163 2204 Saxifrw

136 2232 256 2293 ga.
270 2210 549 2281 aizoon‚
576 2205 927 2270 Veratrum
954 2208 1190 2272 albam
1213 2209 1544 2289 aliaeque,
1574 2225 1726 2289 quae
1757 2226 1991 2269 omnes
2019 2206 2161 2270 fere

133 2295 225 2370 ad
276 2286 884 2370 sempervirentem
934 2299 999 2351 et
1041 2289 1392 2352 duriorem
1445 2299 1761 2351 naturam
1811 2291 2161 2350 accedunt.

134 2371 517 2435 Nonnullae
553 2385 786 2430 earum
826 2368 901 2430 in
944 2368 1268 2433 Sibiriam
1308 2368 1648 2443 translatae
1685 2365 1760 2431 in
1797 2370 2011 2430 altum
2050 2387 2165 2429 ex-

134 2471 445 2516 crescere
480 2447 804 2512 videntur
837 2449 942 2510 uti
979 2451 1418 2532 Hedysaram
1459 2450 1818 2511 alcaicum.
1901 2454 2165 2516 Memo-

132 2531 365 2596 rabile
394 2548 671 2624 quoque
705 2539 805 2592 est
840 2533 1028 2608 quod
1064 2533 1293 2615 multae
1332 2532 1562 2592 herbae
1603 2531 1854 2612 alpinae
1887 2534 2160 2612 Lappo-

131 2615 317 2678 nicae
387 2610 741 2672 molliores
803 2630 905 2671 ex.
956 2632 1064 2696 gru>
1121 2610 1515 2692 Epilobinm
1580 2610 2156 2690 angustifolium,

129 2691 452 2757 Sonchus
475 2690 748 2771 alpinus
775 2693 964 2753 haud
986 2693 1407 2754 adscendunt
1428 2691 1502 2753 in
1528 2689 1729 2770 Alpes
1752 2690 2156 2768 HelveticaS,

128 2773 264 2840 ubi
297 2771 880 2853 quemadmodum
908 2770 1182 2835 videtur
1216 2771 1446 2832 nivem
1479 2771 1609 2831 sub
1648 2781 1872 2831 aestate
1907 2773 2158 2832 caden-

128 2860 272 2917 tem
329 2853 520 2912 haud
571 2847 1008 2916 sustinerent.
1086 2850 1280 2913 Nihil
1330 2850 1549 2932 magis
1602 2849 1926 2931 impedit,
1981 2867 2160 2929 quo-

126 2937 370 2997 minus
416 2932 685 2999 cultura
734 2932 1123 2993 cerealium·'
1146 2933 1282 2993 alte
1326 2933 1642 2994 succedat
1684 2934 1918 2992 versus
1967 2931 2158 3013 alpes

125 3011 503 3078 helveticas
544 3031 752 3094 quam
801 3013 925 3074 nix
969 3015 1195 3074 adhuc
1245 3027 1478 3074 mense
1525 3008 1741 3073 Junio
1789 3014 2035 3073 cadens
2090 3019 2158 3072 et

128 3095 401 3158 culmos
433 3106 745 3169 succosos
788 3091 1216 3175 deprimens,
1248 3095 1443 3173 >quod
1493 3091 1653 3155 satis
1694 3094 1954 3175 experti
1993 3099 2158 3152 sunt

125 3173 384 3237 incolae
403 3171 603 3239 vallis
623 3173 1189 3258 Engelbergensis
1205 3218 1226 3252 ‚
1253 3170 1745 3236 Einsiedlensis
1760 3217 1778 3252 ,
1823 3185 2156 3252 terraeque

126 3253 761 3319 Abbatiscellaneae.
839 3256 919 3314 In
964 3253 1259 3315 vallibus
1302 3264 1532 3314 autem
1577 3254 1666 3314 ob
1706 3264 1944 3315 ventos
1982 3252 2154 3314 cali-

120 3336 367 3414 diores
402 3352 487 3404 ex
525 3332 727 3396 Italia
768 3335 1245 3416 provenientes
1281 3331 1602 3395 serotinis
1643 3332 1922 3410 nivibus
1961 3334 2172 3395 haud'

126 3415 271 3498 tani
321 3415 643 3491 obnoxiis
691 3413 898 3476 altius
945 3415 1386 3497 reperiuntur
1432 3413 1737 3475 Cerealia
1783 3433 1884 3476 ex.
1922 3435 2022 3498 gr.
2072 3413 2151 3475 in

124 3491 312 3577 valle
377 3486 734 3565 Rhenana.
829 3495 1035 3577 Quod
1104 3495 1404 3575 denique
1465 3495 1589 3556 nix
1639 3513 1818 3576 saepe
1879 3514 2151 3556 summa

122 3583 360 3645 astate
394 3573 640 3638 cadens
685 3575 977 3637 multum
1018 3576 1323 3637 conferat
1351 3574 1439 3635 ad
1473 3578 1749 3636 arbores
1784 3572 2150 3636 frondibus

122 3653 568 3718 tenuioribus
610 3653 932 3737 praeditas
985 3675 1069 3717 ex
1114 3655 1389 3739 alpibus
1431 3653 1782 3717 helveticis
1808 3657 2148 3717 *arcendas

120 3737 289 3798 satis
332 3743 554 3818 patete
591 3732 1075 3818 septentrionis
1109 3737 1363 3798 Betulae
1407 3746 1653 3798 tenerae
1695 3735 2151 3809 nivemrhaud

120 3816 575 3891 sustineren13
618 3816 738 3876 Fa·
758 3833 835 3875 us
865 3813 1230 3878 frondibus
1259 3815 1402 3877 suis
1438 3815 1898 3877 tenacioribus
1927 3816 2148 3876 multo

122 3897 355 3980 aptior
395 3906 531 3976 est,
573 3904 640 3956 et
678 3915 717 3954 a
768 3894 930 3956 ietes
968 3895 1107 3958 illae
1139 3896 1606 3978 pyramidales
1643 3895 1898 3977 rigidae'
1933 3895 2147 3978 nigrae

120 3975 334 4041 ramis
370 3976 517 4042 suis
561 3975 1109 4060 dependentibus
1141 3986 1389 4039 natura
1429 3975 1778 4040 destinatae
1821 3975 2158 4050 videntur
