2799 4642
271 585 966 686 VEGETATIO
1025 595 1183 685 ET
1240 593 1609 686 (ΒΗΜΛ
1658 593 2319 723 HELVETIAE

800 773 1798 903 SEPTENTaloNALls.

323 1141 451 1215 De
505 1145 916 1219 altitudine
968 1147 1372 1221 Montium
1424 1161 1499 1220 ec
1553 1159 1780 1220 terrae
1831 1145 2263 1223 Helveticae.

360 1367 425 1450 ς.
476 1393 528 1447 i.
581 1323 1031 1458 Jamdudum
1080 1372 1157 1436 in
1203 1373 1566 1457 Lapponia
1613 1382 1932 1458 expertus
1977 1394 2130 1436 sum
2180 1382 2319 1436 ter-

218 1494 223 1498 ·
273 1453 514 1513 minos
541 1455 1033 1537 vegetabilium
1057 1452 1133 1516 in
1163 1457 1494 1518 lateribus
1524 1456 1791 1540 alpium
1819 1457 2313 1519 altissimarum

272 1534 400 1593 vix
444 1532 889 1596 determinari
919 1555 1150 1617 posse,
1192 1539 1314 1598 sed
1356 1538 1578 1598 multo
1611 1538 1829 1621 magis
1868 1557 2137 1599 necesse
2169 1556 2314 1598 esse

274 1613 645 1683 cacumina
677 1617 1022 1677 montium
1051 1617 1460 1679 isolatorum
1485 1617 1680 1681 varia
1713 1618 2052 1701 gradatim
2095 1618 2317 1699 magis

275 1694 647 1777 magisque
695 1715 840 1763 sese
889 1697 1248 1759 elevantia·
1281 1697 1750 1780 investigare..
1803 1702 2003 1760 Hanc
2053 1702 2318 1758 metho-

276 1775 457 1839 dum
515 1775 802 1839 ulterius
857 1777 934 1838 in
991 1777 1307 1841 Helvetia
1361 1790 1631 1841 secutus
1692 1800 1849 1841 sum
1909 1790 1974 1840 et
2081 1778 2318 1840 uidem

274 1875 618 1936 prospero
661 1878 818 1918 cum
866 1878 1200 1920 successu.
1281 1860 1534 1944 Reperi
1568 1880 1672 1920 ex.
1706 1879 1809 1944 gr.
1843 1799 2316 1940 Saxisqragam

280 1937 848 2016 oppositifoliam
893 1938 969 2000 in
1016 1943 1106 2004 Μ.
1138 1939 1298 2025 Rigi
1345 1940 1559 2020 idque
1593 1953 1833 2004 contra
1870 1960 2147 2001 omnem
2200 1960 2318 1999 ex-

274 2019 809 2098 spectationem3
853 2040 1001 2080 eam
1025 2019 1240 2106 igitur
1268 2021 1343 2082 in
1368 2019 1748 2083 humiliore
1779 2041 2057 2103 quoque
2085 2029 2318 2082 monte

280 2098 629 2182 Rossberg
678 2101 966 2180 quaesivi
1015 2114 1079 2162 et
1120 2102 1223 2163 ibi
1273 2102 1479 2163 etiam
1517 2101 1794 2180 inveni3
1834 2105 1957 2164 sed
2000 2102 2076 2163 in
2120 2121 2321 2162 cacu-

280 2179 597 2242 minibus
640 2201 722 2241 eo
762 2201 1042 2261 quoque
1073 2182 1573 2244 humilioribus
1610 2184 1926 2264 Hochalp
1970 2192 2035 2242 et
2075 2182 2320 2242 Sattel-

278 2261 398 2342 alp
445 2260 700 2335 frustra
750 2261 1036 2341 quaesita
1073 2274 1203 2342 est,
1249 2266 1437 2324 unde
1479 2262 1696 2325 didici
1746 2263 1894 2341 ejus
1941 2261 2319 2324 terminum

279 2339 690 2405 inferiorem
721 2364 1049 2421 cacumen
1078 2344 1332 2406 montis
1357 2344 1692 2426 Rossberg
1721 2355 1987 2424 tantum
2020 2354 2319 2425 tangere.

282 2422 486 2485 Hanc
508 2424 632 2503 qui
661 2425 1069 2485 methodum
1097 2434 1483 2502 sequuntur
1501 2427 1830 2486 terminos
1858 2443 2095 2484 omnes
2125 2443 2323 2505 vege-
2367 2477 2374 2480 ,

281 2505 611 2565 tabilium
641 2515 778 2566 tam
811 2514 1124 2566 accurate
1146 2502 1604 2566 determinare
1631 2515 1953 2586 possunt,
2000 2514 2074 2565 ut
2098 2523 2212 2566 eos
2241 2503 2322 2565 in

279 2585 495 2647 variis
520 2586 717 2647 terris
740 2585 872 2647 rite
901 2594 1137 2646 et.tuto
1166 2604 1562 2667 comparare
1590 2588 1812 2649 liceat.
1860 2590 2035 2648 Cacu
2048 2584 2320 2646 minum

280 2667 581 2727 altitudo
633 2676 796 2728 tunc
847 2668 937 2727 ad
992 2666 1465 2749 cognitionem
1522 2669 1608 2728 de
1657 2667 2043 2730 elevatione
2088 2665 2323 2726 termi-

282 2763 543 2807 norum
600 2747 1054 2831 vegetationis
1123 2746 1377 2809 directe
1442 2748 1798 2829 perducit,
1856 2750 1979 2810 sed
2033 2747 2321 2827 insuper

282 2828 496 2889 etiam
535 2827 718 2889 scire·
749 2836 1019 2910 oportet
1060 2838 1398 2907 quatenus
1442 2840 1708 2891 montes
1750 2827 1982 2890 isolati
2020 2827 2159 2887 sint
2204 2827 2319 2888 vel

283 2928 498 2987 quarn
562 2907 928 2990 profundis
990 2909 1424 2971 convallibus
1490 2908 2179 2983 circumscribantur,
2245 2916 2323 2968 ut

282 2989 538 3050 exinde
602 2989 1004 3073 colligatur,
1055 3010 1291 3052 annon
1352 2989 1766 3072 vegetabilia
1821 2992 2175 3052 observata
2240 3010 2323 3051 ex

282 3071 445 3131 aliis
523 3070 875 3132 montibus
951 3070 1629 3151 supereminentibus
1708 3077 1936 3131 ortum
2028 3071 2323 3131 trahant.

281 3150 598 3233 Exempli
629 3151 850 3247 gratia
872 3154 1181 3240 Ebepalp
1208 3151 1920 3213 Abbatiscellanorum
1955 3152 2168 3210 multa
2199 3149 2324 3211 alit

281 3232 702 3313 vegetabiha
742 3231 980 3313 alpina
1022 3234 1270 3293 altiora
1313 3231 1389 3293 in
1433 3236 1668 3293 Monte
1713 3231 1876 3312 Rigt
1924 3232 2112 3292 haud
2156 3250 2322 3310 pro-

283 3312 671 3393 venientia,
736 3332 1157 3392 quamquam
1225 3311 1341 3375 hic
1412 3331 1610 3374 mons
1677 3314 1896 3373 multo
1950 3312 2040 3373 sit
2110 3309 2322 3373 altior

283 3390 447 3476 illo;
490 3394 724 3474 itaque
773 3393 1154 3475 suspicatus
1209 3412 1364 3456 sum
1408 3404 1708 3454 montem
1758 3394 2077 3474 ,Ebenalp
2124 3394 2322 3462 haud*

283 3472 607 3536 isolatum
655 3494 835 3551 esse,
892 3484 958 3535 et
1013 3473 1316 3553 denique
1372 3491 1610 3535 revera
1663 3472 1881 3535 didici
1936 3482 2094 3534 e‘um
2155 3492 2319 3552 pum

278 3553 473 3639 jugis
511 3555 858 3617 continuis
889 3555 1045 3616 altis
1080 3558 1168 3617 ab
1202 3554 1714 3617 Hohen-Sentis
1745 3554 2325 3616 descendentibus

287 3655 888 3715 connexumesse,
931 3657 1013 3697 ex
1042 3655 1182 3715 quo
1227 3637 1488 3707 clarum
1529 3631 1603 3696 fit
1640 3637 1825 3696 unde
1857 3636 2127 3716 plantas
2161 3653 2321 3696 suas

287 3716 565 3780 altiores
635 3717 985 3797 acceperit.
1082 3717 1210 3779 His
1280 3714 1671 3778 rationibus
1741 3718 1984 3776 ductus
2023 3727 2317 3779 ‚montes

287 3808 621 3874 quantum
658 3798 857 3879 potui
890 3798 1233 3880 plurimos
1270 3816 1568 3859 unacum
1610 3796 2043 3858 convallibus
2082 3798 2317 3857 terris·-

289 3898 419 3954 que
462 3877 933 3954 adjacentibus
962 3882 1356 3941 Barometro
1398 3896 1714 3938 emensus
1754 3896 1946 3954 sum,
1987 3874 2332 3958 inprimis

280 3961 362 4020 'ut
409 3959 851 4023 altitudinem
885 3979 1127 4024 eorum
1182 3958 1544 4024 relativam
1586 3976 2109 4043 cognoscercm3
2152 3970 2323 4040 que*
