2799 4642
574 292 713 365 ¹14
1332 268 1824 307 ὦσα-

569 461 709 520 630.
750 446 1119 517 THYMUS
1161 437 1313 504 Ser
1325 459 1370 521 p
1389 433 1479 519 yl
1498 436 1525 498 l
1542 455 1672 498 um
1713 436 2091 512 Lim-suec.
2120 456 2184 495 n.
2206 429 2351 499 535.
2378 427 2584 495 Wak-

814 528 985 593 lenb.
1001 526 1090 604 fl.
1112 525 1391 602 lappon.
1421 538 1489 599 p.
1519 517 1651 582 162.
1683 525 1749 579 et
1779 516 2020 577 introd.
2096 559 2111 575 .
2134 514 2308 577 XX.
2373 513 2581 574 Hall.

809 626 1034 675 enum.
1075 626 1143 685 p.
1170 603 1313 683 654.
1353 622 1419 661 η.
1461 617 1514 661 1.
1572 593 1803 659 histor.
1847 618 1911 657 n.
1959 537 2095 663 255).
2136 600 2205 670 β.
2260 591 2584 656 ’Βεοαηᾱ.

795 691 884 769 fl.
904 689 1151 769 franc.
1177 706 1243 745 n.
1275 679 1454 759 2589.
2172 731 2178 740 ,

719 783 784 851 β.
826 769 1115 835 floribus
1157 761 1469 827 minutis.

648 857 828 922 Hab-
865 851 1034 916 locis
1128 842 1410 907 lareosis
1443 836 1639 902 siccis
1676 834 1926 917 apricis
1974 835 2236 916 ubique
2276 832 2587 916 copiose,

724 947 871 997 tum
922 931 996 993 in
1039 951 1086 1012 p
1119 925 1334 987 anitie
1376 941 1455 981 ac
1504 919 1856 979 montibus
1908 916 2270 989 omnibus,
2316 926 2464 976 tum
2508 914 2588 977 in

716 1014 1007 1096 alpibus
1056 1026 1272 1086 usque
1316 1004 1501 1064 inter
1547 998 1737 1060 nives
1784 1018 2162 1078 perennes,
2215 1018 2317 1058 ex.
2367 1016 2468 1077 gr.
2509 996 2589 1055 in

729 1085 1363 1173 Laubergratspitze
1420 1078 2084 1160 Engelbergensium
2134 1079 2292 1158 760'0
2327 1076 2590 1158 pedum

727 1172 1112 1238 elevatione
1149 1189 1226 1229 su
1237 1184 1362 1249 pra
1406 1180 1614 1221 mare.-

648 1265 715 1335 β.
758 1258 835 1317 in
871 1248 1302 1316 convallibus
1337 1240 1790 1305 calidioribus
1823 1237 2183 1318 frequenS,
2224 1255 2325 1298 ex.
2361 1256 2464 1321 gr.
2496 1236 2588 1298 ad

728 1340 1011 1413 wesen,
1054 1323 1359 1393 PfefferS.

573 1445 712 1509 631.
752 1438 1122 1505 THYMUS
1158 1428 1467 1496 Acinos
1508 1430 1702 1491 Linn.
1742 1445 1923 1507 spec.
1963 1426 2183 1505 plant.
2215 1426 2314 1490 ed.
2340 1418 2582 1489 Usilla.

816 1525 874 1586 ὅ.
908 1533 984 1600 ip.
1019 1517 1152 1595 142.
1194 1532 1365 1576 svec.
1413 1534 1480 1572 n.
1503 1508 1643 1576 536.

724 1596 1232 1681 'clinopodium
1258 1592 1467 1655 Hall.
1490 1609 1709 1653 enum·
1737 1609 1809 1669 p.
1836 1583 1977 1665 654.
2005 1609 2069 1652 n.
2093 1591 2151 1653 3.
2178 1588 2330 1652 hist.
2352 1604 2417 1645 n.
2441 1584 2584 1659 237.

650 1684 829 1747 Hah.
871 1680 947 1740 in
989 1673 1318 1760 glareosis
1359 1672 1642 1751 ubique.

568 1795 710 1855 632.
744 1785 1117 1850 THYMUS
1158 1802 1204 1843 α
1221 1780 1247 1841 l
1259 1802 1305 1861 p
1325 1780 1405 1840 in
1422 1800 1467 1839 u
1486 1797 1513 1837 s
1556 1776 1747 1837 Linn.
1768 1783 1949 1855 spec.
1970 1773 2189 1853 plant.
2212 1767 2314 1833 ed.
2337 1754 2580 1835 Willd.

814 1871 872 1931 5.
903 1887 976 1947 p.
1009 1866 1144 1943 145.
1225 1861 1467 1942 Jacqu.
1497 1866 1708 1918 austr.
1747 1874 1800 1918 1.
1827 1876 1897 1935 p.
1926 1855 2025 1917 60.
2068 1860 2114 1911 t.
2142 1868 2243 1931 97.

726 1943 1235 2027 ‘clinopodium
1258 1940 1466 2002 Hall.
1493 1958 1714 2000 enum.
1742 1957 1811 2016 p.
1841 1933 1979 2001 655.
2008 1955 2073 1993 η.
2099 1950 2155 1995 2.
2182 1931 2331 1991 hist.
2353 1950 2417 1989 n.
2439 1929 2579 1991 238.

638 2027 826 2097 Hah.
855 2025 1025 2087 locis
1052 2020 1378 2106 glareosis
1410 2017 1813 2080 siccioribus
1855 2018 1940 2076 ad
1981 2010 2240 2074 radices
2280 2008 2584 2089 alpium,

728 2106 1086 2193 regionem
1125 2099 1290 2183 Fagi
1321 2097 1748 2179 superiorem
1791 2111 2129 2177 occupans
2172 2091 2475 2169 ubique,
2518 2098 2587 2150 et

727 2190 807 2250 in
852 2183 1135 2269 regione
1167 2178 1412 2243 abietis
1457 2179 1566 2239 vel
1613 2177 1983 2258 subalpina
2032 2172 2299 2253 alpium
2339 2170 2585 2252 paullo

728 2265 1058 2330 altiorum
1076 2272 1145 2324 et
1165 2259 1652 2323 altissimarum
1685 2257 2081 2336 frequenter
2101 2299 2120 2332 ,
2145 2254 2263 2313 sed
2295 2250 2370 2311 in
2400 2251 2582 2332 ipsas

725 2350 914 2431 alpes
956 2347 1176 2408 nudas
1216 2361 1465 2425 parum
1506 2340 1615 2403 vel
1657 2336 2054 2422 parcissime
2094 2332 2469 2395 adscendit.

553 2465 708 2531 1333.
750 2463 1116 2527 MELISSA
1154 2458 1224 2521 N
1237 2480 1270 2520 e
1282 2464 1482 2537 peta
1522 2454 1711 2516 Linn.
1746 2472 1926 2533 spec.
1956 2451 2176 2531 plant.
2204 2447 2305 2510 ed.
2336 2444 2579 2511 Willd.

813 2547 968 2622 542.
999 2543 1132 2620 147.
1215 2538 1423 2600 Hall.
1452 2556 1672 2599 enum.
1706 2555 1774 2613 p.
1804 2530 1943 2599 651.
1971 2553 2036 2591 n.
2072 2547 2130 2593 2.
2172 2529 2324 2588 hist.
2352 2548 2416 2588 n.
2441 2530 2584 2606 240.

632 2627 821 2709 ςΗαῙ).
850 2626 935 2685 ad
969 2638 1172 2702 rupes
1201 2618 1276 2680 in
1301 2615 1721 2683 convallium
1745 2613 2077 2674 lateribus
2106 2607 2585 2685 calidioribus,

725 2727 827 2766 ex.
861 2724 962 2786 gr.
998 2707 1085 2762 ad
1108 2703 1386 2778 Wesen,
1430 2696 1611 2758 inter
1640 2698 1891 2777 Ragatz
1918 2701 1984 2753 et
2010 2685 2325 2752 Pfeffers,
2366 2706 2585 2768 supra

720 2784 1001 2868 Meyrin
1092 2802 1140 2841 n
1171 2783 1262 2842 ad
1295 2773 1939 2861 Briinnig—dorflein
1976 2771 2054 2834 in
2091 2768 2387 2831 termino
2412 2771 2585 2852 Jug-

723 2864 952 2927 l·andis
1022 2871 1407 2942 requenter.

619 2944 1029 3007 'Pedunculi
1064 2941 1386 3003 axillares
1432 2957 1703 3022 cymam
1745 2955 1868 2999 seu
1905 2931 2283 2994 umbellam
2324 2926 2584 2988 iterum

549 3025 1038 3108 'irregulariter
1078 3020 1367 3085 divisam
1414 3026 1683 3103 gerunt.

559 3150 703 3224 634.
747 3144 1156 3209 MELI'ITIS
1207 3141 1344 3222 ¹Me
1365 3139 1473 3200 lis
1489 3160 1517 3200 s
1536 3159 1635 3219 op
1653 3138 1693 3197 h
1772 3136 1902 3197 llu
1920 3153 1989 3196 m
2030 3133 2217 3196 Linn.
2254 3149 2437 3211 spec.
2474 3129 2578 3211 pl.

584 3287 592 3293 ,
780 3224 903 3288 ed.
928 3223 1164 3287 Willd.
1195 3227 1346 3302 34³·
1375 3224 1509 3296 157.
1569 3218 1701 3281 Ηα-
1733 3216 1852 3283 ler.
1893 3237 2112 3278 enam.
2156 3234 2232 3293 p.
2256 3211 2398 3280 650.
2423 3233 2489 3272 n.
2517 3228 2575 3273 1.

802 3306 1036 3366 histor.
1064 3325 1142 3364 n.
1173 3304 1312 3381 244.

637 3386 817 3448 Hab-
859 3386 934 3446 in
965 3381 1261 3445 dumetis
1293 3376 1699 3443 siccioribus
1728 3373 2078 3437 montium
2109 3370 2579 3435 humiliorum

712 3463 940 3527 rarius
967 3464 1290 3546 copiose,
1333 3480 1434 3522 ex.
1465 3479 1566 3544 gr.
1598 3458 1673 3520 in
1705 3456 2020 3538 Utliberg
2040 3455 2362 3536 pluribus
2382 3453 2581 3515 locis-

559 3580 698 3642 635.
736 3578 1344 3646 SCUTELLARIA
1384 3572 1542 3657 gai
1554 3575 1729 3636 eric
1751 3571 1840 3634 ul
1856 3593 1899 3632 α
1917 3580 2007 3634 ta
2041 3570 2233 3633 Lirin.
2262 3588 2445 3649 spec.
2472 3568 2578 3649 pl.

588 3738 597 3743 μ
797 3659 898 3721 ed.
923 3657 1165 3723 Willd.
1201 3662 1261 3722 5.
1284 3676 1354 3736 p.
1392 3658 1525 3732 173.
1564 3674 1736 3716 svec.
1771 3674 1836 3716 η.
1860 3653 2000 3718 558.
2038 3654 2321 3732 lappon.
2345 3671 2408 3710 η.
2431 3653 2578 3727 259.

621 3763 625 3769 ·
712 3739 1299 3802 Cassida·Haller.
1328 3756 1553 3799 enum.
1578 3752 1647 3813 p.
1683 3733 1823 3800 655.
1860 3755 1929 3794 η.
1971 3746 2036 3798 1-.“
2067 3735 2298 3794 histor.
2337 3752 2403 3792 n.
2430 3731 2581 3794 280'.

630 3820 810 3882 Hah.
850 3824 937 3882 ad
981 3821 1243 3897 rivulos
1285 3828 1351 3880 et
1389 3815 1602 3878 fossas
1646 3814 1928 3894 ubique.

553 3927 691 3988 636.
734 3930 1200 3990 PRUNELLA
1259 3922 1663 4005 vulg-aris
1718 3922 1905 3984 Linn.
1954 3936 2133 4000 spec.
2196 3921 2416 4000 plant.
2467 3917 2578 3982 ed.

791 4006 1029 4076 Willd.
1070 4010 1127 4072 ὃ.
1167 4027 1236 4088 p.
1273 4003 1409 4084 176.
1470 4022 1646 4068 socc.
1686 4024 1753 4065 n.
1794 4003 1940 4082 540.
2000 4003 2285 4081 lappon.
2323 4023 2390 4063 n.
2429 4003 2579 4066 238.
