2799 4642
957 268 1449 309 ’ώσω
2015 262 2218 354 ‘155

351 449 694 534 praecipue
729 443 817 506 ad
842 439 1147 520 bovina,
1189 459 1290 501 ex.
1325 456 1427 522 gr.
1464 436 1542 499 in
1575 435 1879 518 Oberalp
1904 439 1997 500 st.
2021 428 2217 500 Gott-

359 530 575 593 hardi.
605 522 1181 605 frequentissime.
1733 544 1736 545 ν
1851 546 1872 559 ,ν

202 633 342 695 661.
386 619 1183 691 CHRYSANTHEMUM
1209 636 1246 677 c
1266 636 1306 676 o
1322 635 1415 696 ry
1432 616 1552 679 mb
1571 638 1611 678 ο
1628 624 1718 678 su
1735 638 1802 677 m
1819 616 2014 678 Lirin.
2029 635 2210 697 spec.

441 710 658 789 plant.
687 703 790 766 ed.
815 721 868 765 2.
897 721 964 780 ρ.
989 699 1161 765 1251.
1204 697 1407 758 Suter
1433 697 1601 759 helv.
1634 716 1690 760 2.
1733 717 1802 777 p.
1840 713 1973 777 192.

359 791 771 874 Pyrethrum
801 780 1083 855 Haller.
1127 798 1345 840 enum.
1380 797 1450 857 p.
1475 794 1619 854 720.
1646 799 1711 838 η.
1746 796 1798 839 1.
1845 778 1994 839 hist.
2021 797 2088 836 n.
2112 772 2215 857 95.

279 875 460 937 Hah.
501 868 577 931 in
621 863 972 927 montibus
1012 856 1498 922 exterioribus:
1540 856 1619 921 in
1659 861 1752 920 M.
1790 859 2216 940 Legerberg:

359 953 614 1014 Gesner.

200 1055 338 1116 862.
383 1039 1184 1189 CHdRYSANTgiEMUM
1225 1032 1372 1116 αἴρ
1392 1036 1622 1097 inum
1667 1034 1857 1094 Linn.
1886 1051 2067 1112 spec.
2112 1031 2213 1112 pl.

442 1151 475 1192 e
526 1172 542 1187 .
573 1146 630 1191 2.
722 1169 739 1184 .
769 1142 838 1187 12
886 1126 943 1187 3.

294 1242 297 1243 ⁷
360 1146 777 1293 Pyrethrg’m
805 1203 1121 1285 alpinum
1144 1196 1383 1262 Willd.
1411 1215 1592 1275 spec.
1620 1194 1839 1274 plant.
1865 1198 1921 1256 3.
1943 1211 2011 1270 p.
2035 1187 2215 1256 2153.

443 1288 720 1352 Haller.
749 1304 968 1346 enum.
997 1301 1064 1358 p.
1094 1295 1232 1353 721.
1273 1301 1337 1338 η.
1369 1295 1426 1340 2.
1469 1277 1702 1337 histor.
1734 1294 1796 1333 n.
1829 1274 1928 1352 96.

277 1374 457 1438 Hah.
489 1368 657 1458 locis
695 1363 1119 1447 rupestribus
1149 1371 1212 1421 et
1237 1357 1567 1440 lapidosis
1608 1352 1904 1415 madidis
1933 1351 2007 1411 in
2039 1347 2220 1429 alpi-

226 1466 227 1469 ’
358 1455 490 1514 hus
531 1445 1011 1511 subnivalibus
1055 1449 1314 1501 tantum
1357 1437 1503 1499 scil.
1539 1435 1613 1496 in
1651 1434 1870 1496 Pilato
1908 1433 1995 1492 ad
2031 1429 2219 1491 Ezel-

358 1532 579 1606 fluhe‚
623 1530 699 1589 in
745 1521 1259 1587 Krauchkamm
1303 1514 1874 1592 Glaronensium‚
1917 1512 1994 1572 in
2037 1505 2219 1588 alpi-

359 1617 489 1677 bus
520 1602 1188 1694 Engelbergensibus
1227 1610 1291 1660 et
1324 1594 1843 1660 Gotthardianis
1888 1588 2214 1652 omnibus

361 1698 449 1756 ab
487 1690 867 1766 elevatione
905 1688 1064 1746 6300
1099 1683 1358 1763 pedum
1402 1678 1821 1738 adscendens
1867 1672 2048 1732 ultra
2085 1679 2228 1729 ter*

365 1774 637 1836 minum
659 1768 954 1832 nivalem
972 1811 991 1846 ‚
1033 1783 1133 1826 ex.
1156 1782 1258 1846 gr.
1288 1760 1363 1820 in
1388 1752 2021 1830 Rofshodenstock,
2063 1748 2218 1810 ubi-

360 1875 493 1937 que
534 1852 949 1933 frequenter.
1030 1856 1033 1861 '

207 1968 345 2030 863.
389 1948 1194 2025 CHRYSANTHEMUM
1248 1969 1294 2010 α
1310 1955 1336 2008 t
1353 1966 1389 2007 r
1406 1965 1453 2007 α
1469 1954 1496 2006 t
1511 1965 1557 2006 u
1572 1963 1643 2004 m
1681 1941 1871 2023 Linn.
1899 1953 2082 2017 spec.
2117 1932 2217 2014 pl.

445 2041 547 2107 ed.
577 2036 820 2104 Willd.
853 2039 910 2100 ὅ.
1004 2078 1020 2094 .
1047 2033 1227 2110 2142.
1254 2037 1257 2049 ”

352 2120 757 2188 ⁴Matricaria
780 2114 942 2179 Hal
973 2135 1063 2177 er.
1087 2131 1304 2174 enum.
1327 2126 1396 2186 p.
1413 2122 1552 2182 721.
1578 2126 1643 2166 n.
1669 2105 1727 2167 3.
1769 2101 1919 2161 hist.
1939 2118 2005 2158 n.
2028 2097 2126 2175 98.
2149 2100 2218 2168 β.

283 2207 462 2271 Hah.
503 2201 672 2264 locis
724 2194 1051 2281 glareosis
1099 2189 1483 2253 macilentis
1527 2184 1617 2246 in*
1654 2181 1928 2263 alpibus
1973 2175 2218 2238 mediae

363 2279 788 2348 altitudinis:
829 2275 932 2337 uti
963 2274 1037 2335 in
1069 2271 1453 2335 Tannhorn
1477 2281 1713 2327 vorsus
1754 2257 2122 2321 Entlibuch
2152 2262 2221 2315 et

363 2366 441 2427 in
475 2360 695 2425 Pilato
737 2375 954 2440 prope
988 2352 1330 2417 Ezelssuhc
1374 2350 1463 2411 ad
1499 2344 1702 2430 nives
1734 2354 2069 2422 perennes
2109 2332 2221 2396 in·

367 2445 654 2507 seriores
696 2438 972 2522 passim.

285 2525 644 2591 Foliorum
689 2513 1127 2601 superiorum
1182 2503 1545 2571 serraturis
1599 2518 1834 2564 revera
1886 2491 2226 2560 subulatis

165 2684 171 2686 1
203 2606 543 2683 recurvis„
586 2613 650 2663 et
671 2597 861 2664 foliis
884 2589 1327 2657 inferioribus
1352 2585 1546 2670 apice
1565 2575 2038 2664 quinquefidis
2061 2573 2224 2638 satis

207 2689 553 2754 diversum
574 2763 579 2769 .
598 2701 740 2745 esse
784 2676 961 2744 mihi
1001 2672 1296 2734 videtur.

206 2802 352 2877 864.
393 2777 1194 2858 CHRYSANTHEMUM
1251 2766 1971 2835 Leve-anthemum
2030 2762 2224 2823 Lirin.

204 2917 205 2920 =
447 2891 627 2954 spec.
656 2868 875 2948 plant.
918 2859 1017 2925 ed.
1057 2851 1298 2921 Willd.
1340 2856 1396 2916 Z».
1433 2870 1502 2930 p.
1534 2848 1712 2927 2142.
1754 2862 1927 2906 ενεο.
1969 2862 2034 2902 n.
2081 2844 2218 2918 765.

451 2956 734 3032 lappon.
774 2969 841 3008 n.
877 2947 1016 3008 310.
1324 2989 1325 2992 ,
1963 2959 1966 2963 »

370 3031 763 3100 Matricaria
788 3022 1066 3091 Halter.
1088 3036 1306 3080 enum.
1336 3032 1404 3093 p.
1428 3025 1564 3088 719.
1589 3029 1653 3069 η.
1674 3008 1737 3080 3.
1779 3003 2011 3064 histor.
2031 3022 2096 3061 n.
2120 2997 2221 3079 98.

286 3119 465 3185 Hab-
495 3115 571 3176 in
599 3108 809 3194 pratis
849 3117 982 3167 tam
1014 3094 1503 3179 campestribus
1539 3101 1602 3149 et
1641 3084 1985 3148 montanis
2020 3102 2229 3160 quam

366 3193 757 3277 subalpinis
812 3189 991 3249 ultra
1055 3180 1424 3239 terminum
1470 3168 1712 3232 abietis
1775 3164 2228 3236 adscendens,

371 3299 473 3341 ex.
517 3297 616 3360 gr.
667 3288 912 3365 versus„
951 3260 1346 3344 Rol'shodcn
1387 3254 1484 3314 St.
1524 3243 1923 3324 Gotthardi,
1968 3240 2229 3322 ubique

202 3461 352 3529 865.
373 3375 950 3521 ffiffgfficAmA
981 3440 1080 3502 011
1097 3458 1143 3499 α
1160 3458 1226 3498 m
1243 3433 1412 3494 omi
1424 3428 1450 3489 l
1467 3429 1494 3489 l
1511 3449 1556 3489 α
1586 3417 1778 3486 Lirin.
1799 3442 1981 3502 spec.
2004 3419 2224 3501 plant.

452 3533 552 3598 ed.
575 3525 814 3593 Willd.
839 3527 894 3587 ὅ.
920 3542 988 3601 p.
1013 3517 1189 3584 2161.
1230 3533 1401 3575 socc.
1425 3532 1490 3571 n.
1520 3506 1658 3587 764.
1704 3505 1987 3569 Haller.
2005 3519 2228 3564 enum.

453 3634 522 3695 p.
552 3614 691 3687 718.
732 3629 798 3670 n.
832 3623 885 3670 1.
927 3604 1161 3662 histor.
1196 3618 1262 3656 n.
1298 3610 1433 3662 101.

291 3697 472 3762 Hab.
514 3695 601 3753 ad
647 3692 884 3750 domos
928 3680 1202 3767 passim.
1401 3713 1404 3716 -

202 3800 352 3866 866.
397 3786 848 3855 ANTHEMIS
917 3777 1301 3843 arvensis
1370 3771 1565 3830 Linn.
1616 3778 1798 3842 spec.
1856 3757 2075 3840 plant.
2126 3752 2238 3817 ed.-

455 3866 696 3934 Willd.
720 3870 778 3930 3.
820 3886 886 3945 p.
911 3865 1089 3926 2180.
1132 3875 1303 3919 svec.
1346 3873 1413 3912 n.
1446 3847 1587 3925 768.

209 4006 215 4010 -
379 3948 913 4018 Chamaemelum
944 3940 1223 4003 Haller.
1264 3935 1415 3994 hist.
1447 3952 1514 3991 n.
1544 3925 1678 3987 103.

289 4039 468 4101 Hab.
512 4033 588 4122 1η
631 4028 812 4092 arvis
856 4019 1186 4110 Helveliae
1228 4007 1568 4100 planioris
1610 4000 1894 4081 ubique.
