2799 4642
619 812 853 931 ΗΛ
895 764 1222 977 rso
1326 835 2026 946 OPERIS.

2352 1318 2384 1339 s

305 1375 675 1483 Interest
728 1410 1047 1485 omnino
1106 1411 1315 1486 scire
1363 1424 1749 1510 quantum
1806 1412 2195 1522 vegetatio
2253 1412 2337 1487 in

312 1526 549 1612 terris
599 1539 1151 1615 elevatioribus
1185 1539 1525 1640 Europae
1579 1539 2157 1645 temperatioris
2196 1540 2339 1641 dif-

198 1732 206 1739 .
278 1667 523 1765 jerat
591 1693 641 1739 a
706 1668 1195 1776 vegetatione
1255 1669 1553 1743 'summi
1613 1667 2209 1769 septentrionis,
2263 1681 2338 1740 et

306 1815 477 1894 quoe
511 1792 674 1867 sint
707 1819 956 1867 causae
990 1795 1224 1892 hujus
1259 1797 1757 1871 diversitatis,
1867 1795 2185 1870 Talibus
2231 1796 2342 1867 in-

305 1921 865 2031 dagationibus
908 1914 1471 2021 comparativis
1512 1923 2004 1997 instituendis
2043 1922 2343 1995 nullam

313 2064 614 2124 terram
658 2050 1051 2148 aptiorem
1097 2077 1252 2124 esse
1305 2051 1599 2134 credidi
1648 2051 2007 2133 Helvetia
2059 2064 2347 2149 septen-

316 2176 696 2269 trionalia,
775 2177 1054 2275 quippe
1124 2202 1293 2274 quae
1361 2205 1740 2289 magnam
1816 2192 1893 2252 et
1969 2179 2347 2253 elevatam

311 2304 860 2390 basin-habeat
904 2302 1238 2392 vallibus
1287 2304 1640 2394 nimiam
1653 2306 2081 2405 profundis
2136 2304 2354 2381 haud

316 2434 661 2507 incisam⁴
696 2447 775 2505 et
830 2445 1129 2507 montes
1187 2436 1454 2505 varice·
1490 2432 1935 2508 altitudinis
1989 2457 2039 2502 a
2094 2457 2173 2503 se
2239 2431 2349 2503 in-

310 2561 793 2636 vicem‘satis
840 2574 1316 2670 segregatos„
1419 2558 1540 2632 Ex
1577 2555 2246 2661 observationibus
2299 2584 2350 2633 α

318 2688 931 2768 Generosissimo
972 2687 1061 2761 L.
1090 2686 1501 2776 vonBuch
1541 2715 1751 2770 anno
1799 2685 2250 2783 1810factis
2277 2684 2349 2781 ⁴¹)
2449 2717 2454 2720 ·

194 2811 201 2816 ’
312 2829 386 2889 et
439 2840 742 2889 mecum
796 2813 1347 2923 benignissime
1396 2814 2004 2896 communicatis
2063 2814 2353 2887 dudum

316 2967 845 3052 cognoveram
884 2939 1329 3018 Helvetiam,
1376 2935 1938 3028 australiorem
1995 2940 2353 3014 terminis

312 3068 834 3180 vegetationis
871 3095 919 3140 a
953 3065 1551 3166 septentrionali
1586 3066 1958 3164 differre5
1993 3082 2068 3143 et
2103 3070 2354 3142 multo
2400 3083 2407 3089 ”

318 3199 562 3271 etiam
622 3196 891 3307 magis
944 3195 1283 3275 alienam
1343 3221 1497 3279 esse
1556 3196 1651 3268 ab
1715 3210 1908 3294 apta
1954 3184 2362 3295 co'nipara-

323 3326 534 3398 tione
577 3350 758 3397 cum
800 3348 1104 3396 summo
1150 3321 1673 3419 septentrione
1695 3343 1726 3415 ‚·
1775 3323 1997 3426 idque
2025 3338 2360 3446 propter

321 3452 708 3527 convalles
754 3449 1329 3550 profundiores
1397 3450 1743 3531 calorem
1809 3451 2046 3523 nimis
2118 3449 2364 3522 inclu-

321 3579 581 3651 dentes
614 3590 687 3648 et
731 3577 818 3652 in·
849 3576 1149 3652 altiora
1185 3578 1359 3649 loea
1396 3575 1931 3670 diffundentes.
1995 3577 2368 3651 Helvetia&

319 3703 920 3804 septentrionali
992 3704 1256 3801 itaque
1319 3703 1506 3778 tales
1577 3704 1864 3779 limites
1924 3731 2369 3804 proponere

316 3833 582 3924 volui,
618 3846 707 3905 ut
733 3847 1117 3930 quantum
1122 3830 1331 3927 fieri
1342 3845 1610 3929 posset
1644 3831 2185 3905 excluderetur
2213 3857 2370 3904 non

367 4031 436 4106 ³⁹)
475 4033 680 4088 confer
708 4035 963 4088 Gilberti
993 4035 1202 4090 Annal.
1229 4034 1330 4088 der
1349 4035 1556 4107 Phyoik
1592 4040 1754 4091 1812.
1789 4034 1871 4087 St.
1900 4043 1953 4097 5.
1993 4047 2125 4105 pag.
2155 4038 2246 4100 48.
